4756 5860
705 637 763 746 36
877 633 1406 734 TRACTATUS
1464 643 1737 752 SUPER

530 801 661 902 Conni-s
759 831 792 905 8.
819 825 890 905 Die
907 827 1045 926 Keyser
1062 831 1139 918 zal,
1164 827 1228 904 alst
1248 828 1336 907 eerst
1357 833 1503 932 gelegen
1527 840 1582 915 zal
1602 843 1739 938 wesen,
1763 857 1907 938 consen.

530 923 629 980 butio·
711 941 811 999 teren
831 949 896 1002 een
915 927 1078 1022 genetael
1094 923 1306 1025 ommessagh
1332 929 1422 1004 ende
1447 936 1664 1018 contributie
1679 947 1696 1035 (
1706 949 1775 1046 20)
1794 976 1842 1050 op
1860 961 1907 1034 de

532 1001 669 1145 ffileigjd
710 1021 838 1095 landen
855 1023 986 1097 binnen
1014 1021 1084 1096 den
1108 1021 1291 1099 Gestichte
1313 1027 1464 1126 gelegen
1482 1037 1724 1135 naevolgende
1742 1049 1802 1124 die
1815 1051 1907 1128 brie·

533 1165 678 1223 aunone·
711 1137 780 1191 ven
804 1140 896 1194 anno
919 1121 980 1210 xj‘.
1007 1116 1058 1215 by
1082 1117 1151 1193 den
1168 1118 1292 1196 Staten
1316 1119 1450 1234 daerop
1473 1137 1670 1230 verzegelt‚
1696 1146 1906 1226 ommedaer

531 1238 639 1299 nsta-
712 1215 813 1288 mede
829 1235 865 1292 te
883 1211 992 1288 loffen
1011 1214 1102 1292 ende
1124 1237 1159 1290 te
1183 1240 1321 1314 qnyten
1342 1219 1400 1294 dte
1426 1221 1591 1305 verkoite
1614 1252 1740 1311 renten
1760 1239 1812 1340 by
1835 1245 1906 1322 den

533 1333 617 1375 tuum
713 1305 836 1384 Staten
853 1309 989 1386 voorsz.
1007 1311 1044 1384 in
1063 1315 1089 1386 't
1106 1309 1215 1388 selide
1235 1315 1332 1412 jaer;
1355 1313 1462 1394 Ende
1479 1343 1525 1397 en
1551 1328 1608 1404 zai
1625 1327 1782 1411 binnen’s
1807 1337 1906 1440 Key·

529 1392 667 1484 sepi—³1³⁰·
711 1403 781 1478 sere
805 1405 951 1482 Landen
978 1411 1151 1502 nyemand
1182 1431 1311 1507 uytten
1337 1407 1522 1493 Gestichte
1551 1429 1779 1518 geerresteert
1807 1441 1904 1536 (21)

533 1489 656 1638 2511.
710 1498 785 1576 oste
805 1505 936 1578 heuren
959 1505 1098 1600 goeden
1124 1505 1344 1582 becommert
1363 1513 1509 1592 worden
1535 1517 1667 1596 binnen
1692 1529 1765 1602 drie
1788 1533 1907 1624 jaeren

529 1643 660 1723 Tempus
710 1598 1005 1688 naestcomende,
1042 1621 1095 1674 ter
1122 1601 1221 1676 cause
1250 1607 1392 1715 vanden¹
1416 1610 1554 1686 voorsz.
1582 1621 1796 1699 verschenen
1817 1631 1906 1704 ende

529 1729 671 1784 triennale
709 1695 878 1791 verlopen
895 1717 1039 1782 renten,
1063 1696 1143 1768 mits
1158 1696 1341 1773 betelende
1359 1701 1416 1774 dte
1434 1726 1559 1780 renten
1578 1711 1636 1789 die
1652 1743 1720 1790 van
1740 1744 1787 1793 nu
1802 1747 1907 1799 voor-

529 1802 648 1860 conces-
709 1807 789 1863 taen
816 1793 932 1865 vallen
959 1792 1047 1864 ende
1074 1790 1293 1887 verschynen
1320 1797 1459 1889 zullen3
1482 1801 1586 1878 Ende
1616 1820 1819 1906 aengaende
1848 1823 1906 1896 die

527 1877 657 2014 Quem·
709 1891 874 1968 restitutie
890 1891 959 2006 nan
975 1913 1083 1970 xxvm.
1100 1901 1217 1992 goude
1232 1899 1361 2002 gulden
1375 1902 1470 1999 (22)
1484 1904 1534 2001 by
1551 1909 1597 1980 de
1613 1915 1905 2020 geestelyckheyt

527 1959 667 2109 nonqgff
709 1986 876 2084 begeert‚
902 1994 981 2063 1n't
1005 1992 1145 2066 doende
1168 1997 1237 2069 den
1261 1997 1399 2070 voorsz.
1426 1999 1638 2102 ommessagh
1663 2013 1753 2088 ende
1778 2021 1904 2111 politie

527 2123 628 2172 ..mm
707 2084 914 2160 inderStadt
929 2085 1050 2183 gestelt
1067 2087 1197 2184 synde,
1222 2095 1277 2166 zal
1297 2093 1352 2168 die
1370 2095 1418 2172 K.
1433 2096 1499 2174 M‘.
1513 2099 1600 2176 daer
1617 2126 1665 2202 op
1684 2113 1904 2207 regatdheb-

526 2190 656 2250 arrestari
707 2179 778 2253 ben
794 2183 883 2256 ende
898 2184 1085 2260 ordineren
1105 2187 1154 2261 als
1173 2190 1198 2262 ’t
1217 2190 1377 2264 behoort.

527 2269 676 2339 prodebi·
754 2299 790 2367 9.
815 2277 884 2350 Die
914 2277 958 2349 K.
984 2281 1124 2354 M=.za1
1147 2307 1237 2381 geen
1264 2285 1491 2384 impediment
1514 2291 1609 2371 doen
1636 2298 1686 2374 die
1704 2301 1902 2399 Repartaren

526 2347 672 2481 ξζξζξιάἁῖ·
705 2393 767 2446 van
789 2377 839 2450 S'.
860 2374 1009 2472 Manyn.
1037 2375 1134 2474 (23)

525 2505 660 2559 vendito·
1748 2513 1805 2572 10.
1830 2499 1905 2576 Die

524 2593 588 2636 rum
601 2577 651 2641 A’.

507 2645 510 2652 ’
524 2659 567 2726 xj.
768 2663 828 2750 20)
855 2663 1037 2732 Contriimn'e
1048 2686 1085 2752 op
1097 2669 1132 2734 de
1142 2669 1262 2758 landen]
1275 2675 1327 2742 Ita
1339 2675 1465 2744 diserte
1478 2679 1626 2763 petitum
1639 2697 1702 2756 art.
1721 2695 1773 2760 26.
1786 2691 1900 2780 Postul.

522 2767 651 2831 Restitn-
771 2751 833 2830 21)
857 2749 1058 2832 Gearresteert
1078 2751 1140 2837 ofte
1162 2756 1268 2822 benten
1294 2759 1416 2842 goeden]
1439 2761 1526 2829 Eod.
1546 2765 1626 2834 Art.
1647 2776 1699 2838 26.
1721 2779 1896 2860 petitum,

523 2855 647 2912 nom,
704 2841 745 2897 ut
765 2833 879 2898 nullus
897 2833 1027 2900 inbonis
1047 2849 1106 2902 aut
1129 2842 1161 2902 in
1181 2839 1312 2924 personis
1334 2839 1491 2909 arrestari
1512 2845 1622 2930 poss'et
1644 2851 1680 2918 in
1704 2861 1803 2926 terris
1820 2864 1897 2932 iub·
2021 2927 2025 2938 ,

523 2930 644 2986 millium
707 2914 800 2983 ‘edis
816 2915 964 2994 Caesari,
986 2918 1101 2984 donec
1119 2919 1302 3005 redempta
1320 2923 1424 2991 effent
1439 2945 1504 3009 per
1519 2927 1743 3014 supradictam
1764 2949 1898 3014 contri.

523 3019 624 3062 aureo·
703 2934 885 3067 {tutionem
901 3001 1149 3086 imponendam
1166 3011 1265 3070 emnia
1283 3025 1372 3071 onera
1391 3007 1541 3080 Statuam.
1583 3013 1760 3090 Concedit
1781 3025 1895 3098 Caesar

523 3087 638 3141 rumne
706 3083 905 3150 triennium.
947 3083 1021 3168 Qui
1037 3085 1203 3152 terminus
1221 3104 1290 3155 non
1315 3089 1459 3159 suffecit.
1514 3095 1653 3182 Nempe
1676 3121 1722 3170 aes
1743 3109 1894 3182 alienum

521 3161 653 3232 pondere
706 3179 776 3230 tam
789 3167 909 3252 ingens
927 3182 1002 3233 erat
1013 3169 1249 3248 contractum,
1265 3186 1305 3239 ut
1322 3191 1388 3240 nec
1403 3175 1546 3247 caesaris
1563 3193 1633 3248 tem
1661 3205 1721 3256 ore
1740 3209 1805 3261 nec
1821 3199 1895 3282 ejus

522 3233 659 3298 Ecclefits
706 3249 765 3315 filii
787 3248 869 3316 Phili
884 3257 919 3336 pi
942 3251 1134 3318 extintittm
1153 3253 1269 3323 fuerit.
1291 3255 1384 3324 Vide
1400 3258 1479 3329 Rer.
1505 3203 1659 3336 Amersss
1671 3269 1789 3358 script.
1811 3299 1893 3368 pag,

522 3313 660 3376 facienda.
706 3348 780 3418 349.
800 3335 837 3402 oz
858 3268 946 3418 ἑῆς.
986 3335 1031 3402 Et
1050 3337 1107 3404 hic
1129 3336 1238 3405 infra:
1259 3337 1382 3407 Literas
1408 3341 1540 3430 Cosanis
1563 3365 1621 3434 per
1686 3375 1722 3422 as
1765 3373 1894 3433 romam

523 3429 634 3510 Repof.
704 3415 837 3484 Sentibus
851 3426 1011 3484 triennium
1026 3421 1112 3506 infra
1128 3421 1207 3506 qnod
1220 3443 1277 3488 non
1292 3425 1438 3490 curabunt
1457 3429 1591 3497 redditus
1610 3373 1714 3518 offis,
1728 3375 1785 3524 sed
1792 3447 1893 3530 solnm

521 3524 579 3568 ma
596 3511 628 3571 s.
701 3517 860 3568 currentes.
901 3501 1008 3586 Quod
1030 3503 1079 3569 est
1097 3503 1359 3573 instrumentum
1378 3509 1457 3576 Xll.
1474 3514 1598 3580 horum
1614 3519 1849 3599 Traaatuun.

522 3585 652 3652 Martini.
765 3584 829 3668 22)
851 3583 901 3649 De
912 3583 1054 3664 restitutit
1069 3603 1137 3650 van
1151 3600 1268 3654 xxvm.
1282 3591 1376 3671 gande
1387 3595 1510 3680 guidon]
1533 3599 1621 3666 Vide
1638 3603 1825 3686 supraArt.
1836 3618 1890 3684 28.

699 3663 744 3732 Pa
769 3670 941 3743 uiatorem,
958 3665 995 3733 dt
1012 3665 1216 3734 Abbatiisam
1236 3669 1399 3738 Henrienm
1414 3677 1452 3740 ab
1468 3677 1532 3762 Erp
1548 3681 1631 3750 ibid.
1648 3689 1708 3755 cit.

742 3751 757 3899 ς
764 3749 827 3832 23)
850 3749 912 3814 Die
927 3747 1107 3834 Reportaten
1121 3767 1189 3818 van
1207 3750 1250 3819 δ’.
1265 3753 1406 3841 Martyn]
1431 3761 1582 3830 Attende
1601 3769 1645 3833 ad
1664 3773 1770 3841 verba
1791 3778 1889 3848 Atti·
2001 3797 2009 3806 ·
2137 3779 2148 3878 J

699 3853 744 3902 cu
760 3831 1151 3916 135.Possatnnrum,ubi
1162 3836 1520 3926 volunt:qttodfabrita
1532 3868 1588 3912 non
1599 3854 1780 3937 impediatur
1795 3869 1827 3928 in
1843 3887 1891 3930 re.

692 3916 914 4003 portationibas
932 3915 1012 3982 beati
1021 3917 1168 3987 Martini.
1189 3919 1260 3988 Diu
1275 3940 1332 3990 me
1351 3927 1451 3994 torsit
1463 3928 1560 3997 locos
1574 3933 1642 4002 hic.
1663 3937 1758 4008 Inter
1773 3952 1890 4017 omnia

698 4001 741 4067 ab
757 4001 841 4067 Ant.
857 4000 1026 4067 Matthaeo
1048 4003 1140 4072 edita
1162 4007 1342 4075 volumina
1365 4027 1436 4076 non
1463 4019 1620 4084 occurrit
1643 4037 1715 4089 von
1743 4027 1887 4100 barbara

695 4085 942 4169 Reportationes,
964 4083 1153 4168 Reponaten.
1195 4088 1303 4157 Certe
1323 4094 1444 4160 oculos
1466 4113 1562 4164 meos
1582 4100 1689 4187 fugit,
1711 4107 1887 4184 fialicubi,

696 4165 865 4236 Consului
888 4165 1066 4251 gloffarinm
1088 4170 1146 4236 Da
1173 4170 1293 4256 Gange,
1324 4175 1372 4243 ast
1396 4177 1511 4245 nescio
1535 4183 1666 4264 adhuc,
1699 4207 1741 4255 an
1767 4214 1887 4264 veram

695 4250 910 4333 deprehendi
938 4249 1232 4336 fignificationem.
1273 4256 1370 4344 Lego
1402 4260 1483 4329 ibid.
1515 4277 1600 4333 tom.
1627 4286 1659 4350 5.
1689 4274 1759 4342 coi.
1792 4293 1887 4362 1339.

694 4333 814 4399 noviss.
827 4334 918 4401 edit:
938 4333 1195 4404 Renonnnmo.
1217 4339 1439 4428 Transtriptia,
1460 4345 1558 4428 ceffio,
1579 4355 1623 4413 rei
1636 4351 1770 4438 poffeffae
1784 4359 1889 4447 dimis-

685 4415 745 4500 βο.
767 4416 872 4484 Item:
895 4417 1228 4491 Rtoonnnmonns.
1252 4423 1536 4507 commentationes,
1556 4431 1768 4508 adnotationes.
1789 4443 1888 4512 Neu-

692 4513 748 4576 tra
766 4499 966 4589 fignificatio
981 4506 1137 4592 quadrat.
1167 4506 1238 4580 Hic
1255 4510 1347 4578 enim
1365 4508 1547 4599 stipulator
1560 4515 1700 4597 Oleros,
1724 4521 1761 4592 δι
1774 4526 1891 4600 Caesar

1687 4611 1894 4700 promittit,
