<?xml version="1.0" encoding="UTF-8"?>
<!DOCTYPE html PUBLIC "-//W3C//DTD XHTML 1.0 Transitional//EN"
    "http://www.w3.org/TR/xhtml1/DTD/xhtml1-transitional.dtd">
<html xmlns="http://www.w3.org/1999/xhtml" xml:lang="en" lang="en">
 <head>
  <title>
</title>
<meta http-equiv="Content-Type" content="text/html;charset=utf-8" />
  <meta name='ocr-system' content='tesseract 3.04.00' />
  <meta name='ocr-capabilities' content='ocr_page ocr_carea ocr_par ocr_line ocrx_word'/>
</head>
<body>
  <div class='ocr_page' id='page_1' title='image "./vitavigliiabayt00taxigoog_0113.png"; bbox 0 0 4660 5840; ppageno 0'>
   <div class='ocr_carea' id='block_1_1' title="bbox 700 645 1739 750">
    <p class='ocr_par' dir='ltr' id='par_1_1' title="bbox 700 645 1739 750">
     <span class='ocr_line' id='line_1_1' title="bbox 700 645 1739 750; baseline 0.002 -2"><span class='ocrx_word' id='word_1_1' title='bbox 700 679 785 748; x_wconf 84' lang='lat'>102</span> <span class='ocrx_word' id='word_1_2' title='bbox 844 647 1400 746; x_wconf 86' lang='lat' dir='ltr'>TRACTATUS</span> <span class='ocrx_word' id='word_1_3' title='bbox 1455 645 1739 750; x_wconf 90' lang='lat' dir='ltr'>SUPER</span> 
     </span>
    </p>
   </div>
   <div class='ocr_carea' id='block_1_2' title="bbox 703 839 2006 1810">
    <p class='ocr_par' dir='ltr' id='par_1_2' title="bbox 703 839 2006 1810">
     <span class='ocr_line' id='line_1_2' title="bbox 703 839 1887 945; baseline 0.006 -24"><span class='ocrx_word' id='word_1_4' title='bbox 703 845 904 943; x_wconf 87' lang='lat' dir='ltr'>opibusque</span> <span class='ocrx_word' id='word_1_5' title='bbox 931 863 1075 926; x_wconf 81' lang='lat' dir='ltr'>exutus,</span> <span class='ocrx_word' id='word_1_6' title='bbox 1095 839 1242 915; x_wconf 74' lang='lat' dir='ltr'>minimd</span> <span class='ocrx_word' id='word_1_7' title='bbox 1264 841 1446 940; x_wconf 88' lang='lat' dir='ltr'>opimlari,</span> <span class='ocrx_word' id='word_1_8' title='bbox 1469 842 1656 938; x_wconf 84' lang='lat' dir='ltr'>potuisset,</span> <span class='ocrx_word' id='word_1_9' title='bbox 1688 849 1783 945; x_wconf 93' lang='lat' dir='ltr'>quod</span> <span class='ocrx_word' id='word_1_10' title='bbox 1808 853 1887 930; x_wconf 90' lang='lat' dir='ltr'>reli·</span> 
     </span>
     <span class='ocr_line' id='line_1_3' title="bbox 705 935 1888 1112; baseline 0.001 -1"><span class='ocrx_word' id='word_1_11' title='bbox 705 940 1076 1112; x_wconf 55' lang='lat' dir='ltr'>llllilnlall</span> <span class='ocrx_word' id='word_1_12' title='bbox 1090 935 1628 1111; x_wconf 61' lang='lat' dir='ltr'>llttllltlilllfflt?</span> <span class='ocrx_word' id='word_1_13' title='bbox 1644 947 1826 1112; x_wconf 51' lang='lat' dir='ltr'>iiiriffiini</span> <span class='ocrx_word' id='word_1_14' title='bbox 1849 953 1888 1024; x_wconf 62' lang='lat'>“¹</span> 
     </span>
     <span class='ocr_line' id='line_1_4' title="bbox 706 1065 2006 1232; baseline 0.003 -23"><span class='ocrx_word' id='word_1_15' title='bbox 706 1133 818 1228; x_wconf 88' lang='lat' dir='ltr'>Regis</span> <span class='ocrx_word' id='word_1_16' title='bbox 846 1131 1019 1206; x_wconf 87' lang='lat' dir='ltr'>Catholici</span> <span class='ocrx_word' id='word_1_17' title='bbox 1037 1132 1074 1204; x_wconf 89' lang='lat' dir='ltr'>in</span> <span class='ocrx_word' id='word_1_18' title='bbox 1098 1129 1348 1224; x_wconf 83' lang='lat' dir='ltr'>Imperatorem</span> <span class='ocrx_word' id='word_1_19' title='bbox 1366 1128 1488 1218; x_wconf 73' lang='lat' dir='ltr'>eleeli,</span> <span class='ocrx_word' id='word_1_20' title='bbox 1511 1133 1574 1227; x_wconf 92' lang='lat' dir='ltr'>qui</span> <span class='ocrx_word' id='word_1_21' title='bbox 1589 1065 1889 1232; x_wconf 40' lang='lat' dir='ltr'>Frifiieliraiiaeiirrlii:</span> <span class='ocrx_word' id='word_1_22' title='bbox 2001 1123 2006 1132; x_wconf 63' lang='grc'>’</span> 
     </span>
     <span class='ocr_line' id='line_1_5' title="bbox 706 1223 1890 1324; baseline 0.006 -22"><span class='ocrx_word' id='word_1_23' title='bbox 706 1231 878 1302; x_wconf 80' lang='lat' dir='ltr'>auxilium</span> <span class='ocrx_word' id='word_1_24' title='bbox 894 1225 1141 1324; x_wconf 85' lang='lat' dir='ltr'>deposcerent,</span> <span class='ocrx_word' id='word_1_25' title='bbox 1153 1223 1429 1311; x_wconf 82' lang='lat' dir='ltr'>conceffiffet,&amp;</span> <span class='ocrx_word' id='word_1_26' title='bbox 1446 1225 1559 1323; x_wconf 89' lang='lat' dir='ltr'>ipsum</span> <span class='ocrx_word' id='word_1_27' title='bbox 1576 1226 1772 1308; x_wconf 76' lang='lat' dir='ltr'>Cattouu</span> <span class='ocrx_word' id='word_1_28' title='bbox 1782 1257 1808 1308; x_wconf 83' lang='lat' dir='ltr'>n</span> <span class='ocrx_word' id='word_1_29' title='bbox 1823 1233 1890 1308; x_wconf 90' lang='lat' dir='ltr'>Re·</span> 
     </span>
     <span class='ocr_line' id='line_1_6' title="bbox 708 1319 1892 1421; baseline 0.005 -23"><span class='ocrx_word' id='word_1_30' title='bbox 708 1339 814 1421; x_wconf 85' lang='lat' dir='ltr'>gem,</span> <span class='ocrx_word' id='word_1_31' title='bbox 840 1325 902 1420; x_wconf 90' lang='lat' dir='ltr'>qui</span> <span class='ocrx_word' id='word_1_32' title='bbox 922 1323 1025 1398; x_wconf 88' lang='lat' dir='ltr'>etiam</span> <span class='ocrx_word' id='word_1_33' title='bbox 1040 1321 1126 1394; x_wconf 86' lang='lat' dir='ltr'>Dux</span> <span class='ocrx_word' id='word_1_34' title='bbox 1138 1319 1336 1396; x_wconf 83' lang='lat' dir='ltr'>Brabantlae</span> <span class='ocrx_word' id='word_1_35' title='bbox 1352 1322 1391 1397; x_wconf 76' lang='lat' dir='ltr'>or</span> <span class='ocrx_word' id='word_1_36' title='bbox 1407 1322 1538 1396; x_wconf 83' lang='lat' dir='ltr'>Cornea</span> <span class='ocrx_word' id='word_1_37' title='bbox 1553 1319 1728 1402; x_wconf 86' lang='lat' dir='ltr'>Flandriae</span> <span class='ocrx_word' id='word_1_38' title='bbox 1743 1332 1781 1406; x_wconf 82' lang='lat' dir='ltr'>dt</span> <span class='ocrx_word' id='word_1_39' title='bbox 1801 1329 1892 1404; x_wconf 87' lang='lat' dir='ltr'>liol-</span> 
     </span>
     <span class='ocr_line' id='line_1_7' title="bbox 704 1415 1889 1511; baseline 0.003 -16"><span class='ocrx_word' id='word_1_40' title='bbox 704 1421 835 1495; x_wconf 80' lang='lat' dir='ltr'>landiac</span> <span class='ocrx_word' id='word_1_41' title='bbox 851 1419 983 1505; x_wconf 85' lang='lat' dir='ltr'>existit,</span> <span class='ocrx_word' id='word_1_42' title='bbox 996 1421 1031 1491; x_wconf 92' lang='lat' dir='ltr'>in</span> <span class='ocrx_word' id='word_1_43' title='bbox 1049 1417 1237 1490; x_wconf 90' lang='lat' dir='ltr'>Dominum</span> <span class='ocrx_word' id='word_1_44' title='bbox 1257 1415 1524 1511; x_wconf 65' lang='lat' dir='ltr'>cognoscerent,</span> <span class='ocrx_word' id='word_1_45' title='bbox 1536 1423 1712 1498; x_wconf 85' lang='lat' dir='ltr'>licentiam</span> <span class='ocrx_word' id='word_1_46' title='bbox 1727 1423 1889 1508; x_wconf 85' lang='lat' dir='ltr'>dedisset,</span> 
     </span>
     <span class='ocr_line' id='line_1_8' title="bbox 707 1511 1892 1614; baseline 0.002 -22"><span class='ocrx_word' id='word_1_47' title='bbox 707 1516 924 1592; x_wconf 87' lang='lat' dir='ltr'>&#39;absolvendo</span> <span class='ocrx_word' id='word_1_48' title='bbox 943 1537 1004 1589; x_wconf 75' lang='lat' dir='ltr'>eos</span> <span class='ocrx_word' id='word_1_49' title='bbox 1029 1515 1073 1587; x_wconf 86' lang='lat' dir='ltr'>ab</span> <span class='ocrx_word' id='word_1_50' title='bbox 1091 1515 1290 1608; x_wconf 85' lang='lat' dir='ltr'>hommagio</span> <span class='ocrx_word' id='word_1_51' title='bbox 1315 1511 1375 1586; x_wconf 88' lang='lat' dir='ltr'>stbi</span> <span class='ocrx_word' id='word_1_52' title='bbox 1404 1513 1581 1608; x_wconf 79' lang='lat' dir='ltr'>praestito,</span> <span class='ocrx_word' id='word_1_53' title='bbox 1605 1541 1647 1592; x_wconf 91' lang='lat' dir='ltr'>ac</span> <span class='ocrx_word' id='word_1_54' title='bbox 1661 1523 1892 1614; x_wconf 75' lang='lat' dir='ltr'>iuramentum</span> 
     </span>
     <span class='ocr_line' id='line_1_9' title="bbox 710 1605 1894 1711; baseline 0.002 -25"><span class='ocrx_word' id='word_1_55' title='bbox 710 1615 884 1688; x_wconf 86' lang='lat' dir='ltr'>fidelitatis</span> <span class='ocrx_word' id='word_1_56' title='bbox 906 1612 956 1686; x_wconf 90' lang='lat' dir='ltr'>eis</span> <span class='ocrx_word' id='word_1_57' title='bbox 977 1607 1183 1692; x_wconf 84' lang='lat' dir='ltr'>relaxando,</span> <span class='ocrx_word' id='word_1_58' title='bbox 1209 1631 1250 1682; x_wconf 84' lang='lat' dir='ltr'>ac</span> <span class='ocrx_word' id='word_1_59' title='bbox 1267 1605 1351 1683; x_wconf 75' lang='lat' dir='ltr'>dieti</span> <span class='ocrx_word' id='word_1_60' title='bbox 1368 1607 1538 1684; x_wconf 84' lang='lat' dir='ltr'>Consules</span> <span class='ocrx_word' id='word_1_61' title='bbox 1561 1613 1605 1684; x_wconf 88' lang='lat' dir='ltr'>ad</span> <span class='ocrx_word' id='word_1_62' title='bbox 1624 1612 1693 1690; x_wconf 93' lang='lat' dir='ltr'>hoc</span> <span class='ocrx_word' id='word_1_63' title='bbox 1710 1617 1894 1711; x_wconf 86' lang='lat' dir='ltr'>deputati,</span> 
     </span>
     <span class='ocr_line' id='line_1_10' title="bbox 712 1701 1894 1810; baseline -0.01 -27"><span class='ocrx_word' id='word_1_64' title='bbox 712 1715 889 1785; x_wconf 90' lang='lat' dir='ltr'>literarum</span> <span class='ocrx_word' id='word_1_65' title='bbox 907 1707 1093 1781; x_wconf 85' lang='lat' dir='ltr'>earundem</span> <span class='ocrx_word' id='word_1_66' title='bbox 1122 1706 1266 1800; x_wconf 88' lang='lat' dir='ltr'>vigore,</span> <span class='ocrx_word' id='word_1_67' title='bbox 1298 1701 1378 1800; x_wconf 89' lang='lat' dir='ltr'>post</span> <span class='ocrx_word' id='word_1_68' title='bbox 1395 1709 1553 1798; x_wconf 88' lang='lat' dir='ltr'>quaedam</span> <span class='ocrx_word' id='word_1_69' title='bbox 1576 1712 1731 1804; x_wconf 85' lang='lat' dir='ltr'>capitula</span> <span class='ocrx_word' id='word_1_70' title='bbox 1746 1735 1825 1806; x_wconf 79' lang='lat' dir='ltr'>cum</span> <span class='ocrx_word' id='word_1_71' title='bbox 1841 1714 1894 1810; x_wconf 86' lang='lat' dir='ltr'>ip.</span> 
     </span>
    </p>
   </div>
   <div class='ocr_carea' id='block_1_3' title="bbox 587 1799 1895 1994">
    <p class='ocr_par' dir='ltr' id='par_1_3' title="bbox 587 1799 1895 1994">
     <span class='ocr_line' id='line_1_11' title="bbox 587 1799 1894 1896; baseline -0.002 -16"><span class='ocrx_word' id='word_1_72' title='bbox 587 1810 591 1818; x_wconf 87' lang='lat'>&#39;</span> <span class='ocrx_word' id='word_1_73' title='bbox 710 1805 780 1878; x_wconf 81' lang='lat' dir='ltr'>sius</span> <span class='ocrx_word' id='word_1_74' title='bbox 805 1803 989 1878; x_wconf 80' lang='lat' dir='ltr'>Canoer</span> <span class='ocrx_word' id='word_1_75' title='bbox 1013 1800 1120 1896; x_wconf 89' lang='lat' dir='ltr'>Regis</span> <span class='ocrx_word' id='word_1_76' title='bbox 1146 1799 1304 1872; x_wconf 89' lang='lat' dir='ltr'>ministris</span> <span class='ocrx_word' id='word_1_77' title='bbox 1331 1799 1491 1875; x_wconf 68' lang='lat' dir='ltr'>conferta</span> <span class='ocrx_word' id='word_1_78' title='bbox 1518 1804 1609 1876; x_wconf 87' lang='lat' dir='ltr'>inter</span> <span class='ocrx_word' id='word_1_79' title='bbox 1634 1827 1760 1880; x_wconf 85' lang='lat' dir='ltr'>caetera</span> <span class='ocrx_word' id='word_1_80' title='bbox 1782 1807 1894 1881; x_wconf 87' lang='lat' dir='ltr'>conti·</span> 
     </span>
     <span class='ocr_line' id='line_1_12' title="bbox 592 1891 1895 1994; baseline -0.007 -18"><span class='ocrx_word' id='word_1_81' title='bbox 592 1893 596 1912; x_wconf 90' lang='grc'><strong>’</strong></span> <span class='ocrx_word' id='word_1_82' title='bbox 715 1903 850 1985; x_wconf 88' lang='lat' dir='ltr'>nentia,</span> <span class='ocrx_word' id='word_1_83' title='bbox 875 1913 920 1972; x_wconf 82' lang='lat' dir='ltr'>ut</span> <span class='ocrx_word' id='word_1_84' title='bbox 942 1893 1055 1970; x_wconf 67' lang='lat' dir='ltr'>ottus</span> <span class='ocrx_word' id='word_1_85' title='bbox 1079 1895 1296 1968; x_wconf 79' lang='lat' dir='ltr'>Cnnottts</span> <span class='ocrx_word' id='word_1_86' title='bbox 1323 1891 1403 1968; x_wconf 86' lang='lat' dir='ltr'>Rex</span> <span class='ocrx_word' id='word_1_87' title='bbox 1429 1900 1686 1994; x_wconf 86' lang='lat' dir='ltr'><strong>quamprimum</strong></span> <span class='ocrx_word' id='word_1_88' title='bbox 1705 1901 1895 1978; x_wconf 77' lang='lat' dir='ltr'>exercitum</span> 
     </span>
    </p>
   </div>
   <div class='ocr_carea' id='block_1_4' title="bbox 626 1989 1914 4091">
    <p class='ocr_par' dir='ltr' id='par_1_4' title="bbox 713 1989 1909 3716">
     <span class='ocr_line' id='line_1_13' title="bbox 714 1989 1893 2092; baseline 0 -24"><span class='ocrx_word' id='word_1_89' title='bbox 714 1997 900 2082; x_wconf 88' lang='lat' dir='ltr'>instruere,</span> <span class='ocrx_word' id='word_1_90' title='bbox 927 2015 967 2066; x_wconf 91' lang='lat' dir='ltr'>ac</span> <span class='ocrx_word' id='word_1_91' title='bbox 983 1993 1111 2065; x_wconf 89' lang='lat' dir='ltr'>bellum</span> <span class='ocrx_word' id='word_1_92' title='bbox 1130 1989 1193 2084; x_wconf 89' lang='lat' dir='ltr'>ipsi</span> <span class='ocrx_word' id='word_1_93' title='bbox 1212 1990 1316 2061; x_wconf 80' lang='lat' dir='ltr'>Coruin</span> <span class='ocrx_word' id='word_1_94' title='bbox 1332 1990 1425 2064; x_wconf 90' lang='lat' dir='ltr'>Duci</span> <span class='ocrx_word' id='word_1_95' title='bbox 1442 1991 1567 2067; x_wconf 86' lang='lat' dir='ltr'>inferre</span> <span class='ocrx_word' id='word_1_96' title='bbox 1586 1993 1752 2079; x_wconf 87' lang='lat' dir='ltr'>deberet,</span> <span class='ocrx_word' id='word_1_97' title='bbox 1777 1997 1810 2070; x_wconf 91' lang='lat' dir='ltr'>se</span> <span class='ocrx_word' id='word_1_98' title='bbox 1830 1995 1893 2092; x_wconf 83' lang='lat' dir='ltr'>ipsa</span> 
     </span>
     <span class='ocr_line' id='line_1_14' title="bbox 715 2086 1896 2182; baseline 0 -15"><span class='ocrx_word' id='word_1_99' title='bbox 715 2093 841 2167; x_wconf 78' lang='lat' dir='ltr'>Cano</span> <span class='ocrx_word' id='word_1_100' title='bbox 852 2112 905 2164; x_wconf 84' lang='lat' dir='ltr'>uo</span> <span class='ocrx_word' id='word_1_101' title='bbox 918 2089 1009 2182; x_wconf 86' lang='lat' dir='ltr'>Regi</span> <span class='ocrx_word' id='word_1_102' title='bbox 1025 2088 1193 2160; x_wconf 88' lang='lat' dir='ltr'>dederunt</span> <span class='ocrx_word' id='word_1_103' title='bbox 1209 2086 1246 2160; x_wconf 77' lang='lat' dir='ltr'>dt</span> <span class='ocrx_word' id='word_1_104' title='bbox 1263 2087 1499 2180; x_wconf 87' lang='lat' dir='ltr'>hommagium</span> <span class='ocrx_word' id='word_1_105' title='bbox 1518 2087 1796 2182; x_wconf 65' lang='lat' dir='ltr'>&amp;iuramentum</span> <span class='ocrx_word' id='word_1_106' title='bbox 1813 2091 1896 2168; x_wconf 88' lang='lat' dir='ltr'>fide·</span> 
     </span>
     <span class='ocr_line' id='line_1_15' title="bbox 713 2177 1896 2279; baseline 0 -19"><span class='ocrx_word' id='word_1_107' title='bbox 713 2190 844 2270; x_wconf 86' lang='lat' dir='ltr'>litatis,</span> <span class='ocrx_word' id='word_1_108' title='bbox 875 2185 949 2279; x_wconf 83' lang='lat' dir='ltr'>ejus</span> <span class='ocrx_word' id='word_1_109' title='bbox 973 2205 1056 2256; x_wconf 90' lang='lat' dir='ltr'>tunc</span> <span class='ocrx_word' id='word_1_110' title='bbox 1076 2181 1318 2276; x_wconf 84' lang='lat' dir='ltr'>procuratori,</span> <span class='ocrx_word' id='word_1_111' title='bbox 1350 2177 1595 2276; x_wconf 79' lang='lat' dir='ltr'>praestiterunt.</span> <span class='ocrx_word' id='word_1_112' title='bbox 1645 2187 1791 2261; x_wconf 90' lang='lat' dir='ltr'>Etcum</span> <span class='ocrx_word' id='word_1_113' title='bbox 1809 2191 1896 2262; x_wconf 91' lang='lat' dir='ltr'>inte·</span> 
     </span>
     <span class='ocr_line' id='line_1_16' title="bbox 717 2275 1899 2379; baseline -0.004 -20"><span class='ocrx_word' id='word_1_114' title='bbox 717 2288 782 2360; x_wconf 84' lang='lat' dir='ltr'>rin</span> <span class='ocrx_word' id='word_1_115' title='bbox 804 2283 956 2379; x_wconf 89' lang='lat' dir='ltr'>populus</span> <span class='ocrx_word' id='word_1_116' title='bbox 980 2275 1211 2372; x_wconf 74' lang='lat' dir='ltr'>Trajeetensrs</span> <span class='ocrx_word' id='word_1_117' title='bbox 1237 2281 1282 2350; x_wconf 90' lang='lat' dir='ltr'>de</span> <span class='ocrx_word' id='word_1_118' title='bbox 1309 2275 1435 2352; x_wconf 75' lang='lat' dir='ltr'>Eleeto</span> <span class='ocrx_word' id='word_1_119' title='bbox 1456 2277 1687 2370; x_wconf 89' lang='lat' dir='ltr'>restituendo,</span> <span class='ocrx_word' id='word_1_120' title='bbox 1714 2283 1774 2370; x_wconf 71' lang='grc' dir='ltr'>ἃ,</span> <span class='ocrx_word' id='word_1_121' title='bbox 1800 2281 1824 2354; x_wconf 92' lang='lat' dir='ltr'>sr</span> <span class='ocrx_word' id='word_1_122' title='bbox 1849 2283 1899 2358; x_wconf 87' lang='lat' dir='ltr'>eis</span> 
     </span>
     <span class='ocr_line' id='line_1_17' title="bbox 717 2372 1897 2473; baseline -0.003 -18"><span class='ocrx_word' id='word_1_123' title='bbox 717 2382 820 2455; x_wconf 86' lang='lat' dir='ltr'>venia</span> <span class='ocrx_word' id='word_1_124' title='bbox 839 2379 1000 2458; x_wconf 87' lang='lat' dir='ltr'>daretur,</span> <span class='ocrx_word' id='word_1_125' title='bbox 1023 2372 1137 2446; x_wconf 86' lang='lat' dir='ltr'>rursus</span> <span class='ocrx_word' id='word_1_126' title='bbox 1159 2375 1195 2446; x_wconf 95' lang='lat' dir='ltr'>in</span> <span class='ocrx_word' id='word_1_127' title='bbox 1214 2373 1400 2446; x_wconf 85' lang='lat' dir='ltr'>Civitatem</span> <span class='ocrx_word' id='word_1_128' title='bbox 1419 2375 1620 2448; x_wconf 89' lang='lat' dir='ltr'>revocando</span> <span class='ocrx_word' id='word_1_129' title='bbox 1644 2375 1897 2473; x_wconf 73' lang='lat' dir='ltr'>pertradlasset,</span> 
     </span>
     <span class='ocr_line' id='line_1_18' title="bbox 719 2467 1897 2570; baseline -0.003 -18"><span class='ocrx_word' id='word_1_130' title='bbox 719 2477 806 2552; x_wconf 85' lang='lat' dir='ltr'>Dux</span> <span class='ocrx_word' id='word_1_131' title='bbox 833 2472 905 2570; x_wconf 88' lang='lat' dir='ltr'>ipse</span> <span class='ocrx_word' id='word_1_132' title='bbox 930 2471 1012 2542; x_wconf 94' lang='lat' dir='ltr'>dolo</span> <span class='ocrx_word' id='word_1_133' title='bbox 1033 2468 1070 2543; x_wconf 79' lang='lat' dir='ltr'>or</span> <span class='ocrx_word' id='word_1_134' title='bbox 1092 2467 1214 2543; x_wconf 87' lang='lat' dir='ltr'>fraude</span> <span class='ocrx_word' id='word_1_135' title='bbox 1240 2469 1459 2564; x_wconf 89' lang='lat' dir='ltr'>quorundam</span> <span class='ocrx_word' id='word_1_136' title='bbox 1484 2467 1720 2546; x_wconf 90' lang='lat' dir='ltr'>seditiosorum</span> <span class='ocrx_word' id='word_1_137' title='bbox 1735 2475 1897 2563; x_wconf 66' lang='lat' dir='ltr'>allectus,</span> 
     </span>
     <span class='ocr_line' id='line_1_19' title="bbox 719 2564 1901 2665; baseline -0.003 -19"><span class='ocrx_word' id='word_1_138' title='bbox 719 2575 909 2646; x_wconf 87' lang='lat' dir='ltr'>Civitatem</span> <span class='ocrx_word' id='word_1_139' title='bbox 921 2565 1134 2660; x_wconf 73' lang='lat' dir='ltr'>TraJeetens.</span> <span class='ocrx_word' id='word_1_140' title='bbox 1158 2564 1369 2638; x_wconf 80' lang='lat' dir='ltr'>clandestine</span> <span class='ocrx_word' id='word_1_141' title='bbox 1391 2567 1603 2660; x_wconf 88' lang='lat' dir='ltr'>occupavit,</span> <span class='ocrx_word' id='word_1_142' title='bbox 1628 2591 1773 2665; x_wconf 89' lang='lat' dir='ltr'>eamque</span> <span class='ocrx_word' id='word_1_143' title='bbox 1797 2569 1901 2642; x_wconf 89' lang='lat' dir='ltr'>bosti-</span> 
     </span>
     <span class='ocr_line' id='line_1_20' title="bbox 720 2658 1900 2757; baseline -0.002 -17"><span class='ocrx_word' id='word_1_144' title='bbox 720 2669 797 2740; x_wconf 87' lang='lat' dir='ltr'>l&#39;tter</span> <span class='ocrx_word' id='word_1_145' title='bbox 822 2664 987 2757; x_wconf 87' lang='lat' dir='ltr'>diripuit,</span> <span class='ocrx_word' id='word_1_146' title='bbox 1033 2658 1071 2732; x_wconf 70' lang='lat' dir='ltr'>dt</span> <span class='ocrx_word' id='word_1_147' title='bbox 1097 2681 1136 2734; x_wconf 91' lang='lat' dir='ltr'>ut</span> <span class='ocrx_word' id='word_1_148' title='bbox 1162 2658 1271 2733; x_wconf 86' lang='lat' dir='ltr'>scelus</span> <span class='ocrx_word' id='word_1_149' title='bbox 1305 2659 1426 2734; x_wconf 90' lang='lat' dir='ltr'>sceleri</span> <span class='ocrx_word' id='word_1_150' title='bbox 1462 2662 1685 2756; x_wconf 86' lang='lat' dir='ltr'>adjungeret,</span> <span class='ocrx_word' id='word_1_151' title='bbox 1728 2661 1900 2738; x_wconf 72' lang='lat' dir='ltr'>Ecclesiae</span> 
     </span>
     <span class='ocr_line' id='line_1_21' title="bbox 721 2755 1900 2857; baseline 0.001 -24"><span class='ocrx_word' id='word_1_152' title='bbox 721 2760 942 2857; x_wconf 84' lang='lat' dir='ltr'>prophanare</span> <span class='ocrx_word' id='word_1_153' title='bbox 958 2759 1165 2848; x_wconf 88' lang='lat' dir='ltr'>illarumque</span> <span class='ocrx_word' id='word_1_154' title='bbox 1181 2755 1274 2828; x_wconf 83' lang='lat' dir='ltr'>bona</span> <span class='ocrx_word' id='word_1_155' title='bbox 1291 2756 1456 2828; x_wconf 86' lang='lat' dir='ltr'>invadere</span> <span class='ocrx_word' id='word_1_156' title='bbox 1477 2757 1514 2830; x_wconf 74' lang='grc' dir='ltr'>ἂ</span> <span class='ocrx_word' id='word_1_157' title='bbox 1537 2759 1685 2851; x_wconf 89' lang='lat' dir='ltr'>diripere</span> <span class='ocrx_word' id='word_1_158' title='bbox 1705 2781 1746 2834; x_wconf 90' lang='lat' dir='ltr'>ac</span> <span class='ocrx_word' id='word_1_159' title='bbox 1767 2755 1900 2834; x_wconf 87' lang='lat' dir='ltr'>auferre</span> 
     </span>
     <span class='ocr_line' id='line_1_22' title="bbox 722 2852 1903 2946; baseline -0.003 -16"><span class='ocrx_word' id='word_1_160' title='bbox 722 2861 854 2930; x_wconf 84' lang='lat' dir='ltr'>veritus</span> <span class='ocrx_word' id='word_1_161' title='bbox 871 2879 944 2930; x_wconf 79' lang='lat' dir='ltr'>non.</span> <span class='ocrx_word' id='word_1_162' title='bbox 956 2852 1022 2926; x_wconf 88' lang='lat' dir='ltr'>fuit</span> <span class='ocrx_word' id='word_1_163' title='bbox 1033 2878 1041 2926; x_wconf 93' lang='lat'>:</span> <span class='ocrx_word' id='word_1_164' title='bbox 1053 2853 1207 2946; x_wconf 87' lang='lat' dir='ltr'>quinimo</span> <span class='ocrx_word' id='word_1_165' title='bbox 1223 2872 1300 2945; x_wconf 83' lang='lat' dir='ltr'>quae</span> <span class='ocrx_word' id='word_1_166' title='bbox 1312 2852 1354 2923; x_wconf 89' lang='lat' dir='ltr'>ad</span> <span class='ocrx_word' id='word_1_167' title='bbox 1370 2853 1526 2924; x_wconf 87' lang='lat' dir='ltr'>divinum</span> <span class='ocrx_word' id='word_1_168' title='bbox 1541 2853 1672 2924; x_wconf 91' lang='lat' dir='ltr'>cultum</span> <span class='ocrx_word' id='word_1_169' title='bbox 1692 2875 1787 2926; x_wconf 91' lang='lat' dir='ltr'>erant</span> <span class='ocrx_word' id='word_1_170' title='bbox 1802 2853 1903 2927; x_wconf 85' lang='lat' dir='ltr'>desti·</span> 
     </span>
     <span class='ocr_line' id='line_1_23' title="bbox 725 2945 1904 3044; baseline -0.003 -19"><span class='ocrx_word' id='word_1_171' title='bbox 725 2974 824 3038; x_wconf 88' lang='lat' dir='ltr'>nata,</span> <span class='ocrx_word' id='word_1_172' title='bbox 859 2948 1023 3042; x_wconf 83' lang='lat' dir='ltr'>sacrilego</span> <span class='ocrx_word' id='word_1_173' title='bbox 1041 2968 1165 3022; x_wconf 89' lang='lat' dir='ltr'>conatu</span> <span class='ocrx_word' id='word_1_174' title='bbox 1182 2946 1308 3018; x_wconf 86' lang='lat' dir='ltr'>ademit</span> <span class='ocrx_word' id='word_1_175' title='bbox 1324 2965 1427 3039; x_wconf 90' lang='lat' dir='ltr'>atque</span> <span class='ocrx_word' id='word_1_176' title='bbox 1447 2945 1635 3040; x_wconf 84' lang='lat' dir='ltr'>usurpavit</span> <span class='ocrx_word' id='word_1_177' title='bbox 1660 2946 1812 3043; x_wconf 90' lang='lat' dir='ltr'>Propter</span> <span class='ocrx_word' id='word_1_178' title='bbox 1826 2973 1904 3044; x_wconf 84' lang='lat' dir='ltr'>quae</span> 
     </span>
     <span class='ocr_line' id='line_1_24' title="bbox 725 3041 1903 3142; baseline -0.007 -20"><span class='ocrx_word' id='word_1_179' title='bbox 725 3047 798 3142; x_wconf 91' lang='lat' dir='ltr'>ipse</span> <span class='ocrx_word' id='word_1_180' title='bbox 816 3047 969 3117; x_wconf 85' lang='lat' dir='ltr'>Henrr&#39;ctrr</span> <span class='ocrx_word' id='word_1_181' title='bbox 990 3043 1151 3128; x_wconf 71' lang='lat' dir='ltr'>Eleslus,</span> <span class='ocrx_word' id='word_1_182' title='bbox 1177 3063 1230 3115; x_wconf 93' lang='lat' dir='ltr'>tot</span> <span class='ocrx_word' id='word_1_183' title='bbox 1250 3041 1401 3134; x_wconf 87' lang='lat' dir='ltr'>undique</span> <span class='ocrx_word' id='word_1_184' title='bbox 1421 3043 1580 3116; x_wconf 74' lang='lat' dir='ltr'>molestiis</span> <span class='ocrx_word' id='word_1_185' title='bbox 1603 3044 1639 3116; x_wconf 77' lang='lat' dir='ltr'>dt</span> <span class='ocrx_word' id='word_1_186' title='bbox 1658 3046 1817 3116; x_wconf 81' lang='lat' dir='ltr'>aerumnis</span> <span class='ocrx_word' id='word_1_187' title='bbox 1838 3047 1903 3116; x_wconf 91' lang='lat' dir='ltr'>cir-</span> 
     </span>
     <span class='ocr_line' id='line_1_25' title="bbox 723 3133 1907 3224; baseline -0.005 -7"><span class='ocrx_word' id='word_1_188' title='bbox 723 3165 947 3224; x_wconf 85' lang='lat' dir='ltr'>cumventus,</span> <span class='ocrx_word' id='word_1_189' title='bbox 980 3142 1022 3212; x_wconf 86' lang='lat' dir='ltr'>ati</span> <span class='ocrx_word' id='word_1_190' title='bbox 1048 3136 1206 3212; x_wconf 76' lang='lat' dir='ltr'>dilectam</span> <span class='ocrx_word' id='word_1_191' title='bbox 1232 3139 1268 3208; x_wconf 93' lang='lat' dir='ltr'>in</span> <span class='ocrx_word' id='word_1_192' title='bbox 1292 3133 1429 3210; x_wconf 83' lang='lat' dir='ltr'>Christo</span> <span class='ocrx_word' id='word_1_193' title='bbox 1457 3136 1582 3224; x_wconf 87' lang='lat' dir='ltr'>filiam,</span> <span class='ocrx_word' id='word_1_194' title='bbox 1613 3138 1763 3211; x_wconf 91' lang='lat' dir='ltr'>nobilem</span> <span class='ocrx_word' id='word_1_195' title='bbox 1785 3141 1907 3212; x_wconf 86' lang='lat' dir='ltr'>mulie·</span> 
     </span>
     <span class='ocr_line' id='line_1_26' title="bbox 728 3229 1906 3328; baseline -0.004 -17"><span class='ocrx_word' id='word_1_196' title='bbox 728 3263 824 3322; x_wconf 88' lang='lat' dir='ltr'>reru,</span> <span class='ocrx_word' id='word_1_197' title='bbox 858 3239 1106 3326; x_wconf 81' lang='lat' dir='ltr'>Margaretam,</span> <span class='ocrx_word' id='word_1_198' title='bbox 1131 3229 1405 3306; x_wconf 84' lang='lat' dir='ltr'>Archiduciil&#39;am</span> <span class='ocrx_word' id='word_1_199' title='bbox 1428 3233 1591 3320; x_wconf 83' lang='lat' dir='ltr'>Austriae,</span> <span class='ocrx_word' id='word_1_200' title='bbox 1615 3254 1683 3328; x_wconf 83' lang='lat' dir='ltr'>pto</span> <span class='ocrx_word' id='word_1_201' title='bbox 1710 3234 1803 3307; x_wconf 77' lang='lat' dir='ltr'>disto</span> <span class='ocrx_word' id='word_1_202' title='bbox 1823 3236 1906 3310; x_wconf 76' lang='lat' dir='ltr'>Ca·</span> 
     </span>
     <span class='ocr_line' id='line_1_27' title="bbox 728 3327 1903 3426; baseline -0.004 -18"><span class='ocrx_word' id='word_1_203' title='bbox 728 3357 850 3408; x_wconf 80' lang='lat' dir='ltr'>noto</span> <span class='ocrx_word' id='word_1_204' title='bbox 875 3330 972 3426; x_wconf 84' lang='lat' dir='ltr'>Rege</span> <span class='ocrx_word' id='word_1_205' title='bbox 999 3333 1035 3403; x_wconf 91' lang='lat' dir='ltr'>in</span> <span class='ocrx_word' id='word_1_206' title='bbox 1060 3329 1217 3425; x_wconf 89' lang='lat' dir='ltr'>partibus</span> <span class='ocrx_word' id='word_1_207' title='bbox 1240 3327 1269 3398; x_wconf 88' lang='lat' dir='ltr'>F</span> <span class='ocrx_word' id='word_1_208' title='bbox 1271 3327 1410 3399; x_wconf 84' lang='lat' dir='ltr'>laudriae</span> <span class='ocrx_word' id='word_1_209' title='bbox 1429 3330 1727 3422; x_wconf 85' lang='lat' dir='ltr'>gubernatricem,</span> <span class='ocrx_word' id='word_1_210' title='bbox 1750 3353 1903 3404; x_wconf 90' lang='lat' dir='ltr'>necnon</span> 
     </span>
     <span class='ocr_line' id='line_1_28' title="bbox 728 3423 1907 3526; baseline -0.003 -22"><span class='ocrx_word' id='word_1_211' title='bbox 728 3427 834 3526; x_wconf 88' lang='lat' dir='ltr'>ipsrus</span> <span class='ocrx_word' id='word_1_212' title='bbox 867 3427 1055 3500; x_wconf 80' lang='lat' dir='ltr'>Canout</span> <span class='ocrx_word' id='word_1_213' title='bbox 1081 3427 1187 3519; x_wconf 87' lang='lat' dir='ltr'>Regis</span> <span class='ocrx_word' id='word_1_214' title='bbox 1207 3427 1243 3498; x_wconf 90' lang='lat' dir='ltr'>iu</span> <span class='ocrx_word' id='word_1_215' title='bbox 1267 3423 1408 3496; x_wconf 89' lang='lat' dir='ltr'>Ducatu</span> <span class='ocrx_word' id='word_1_216' title='bbox 1435 3423 1629 3498; x_wconf 84' lang='lat' dir='ltr'>Brabantiae</span> <span class='ocrx_word' id='word_1_217' title='bbox 1657 3425 1694 3499; x_wconf 78' lang='grc' dir='ltr'>δι</span> <span class='ocrx_word' id='word_1_218' title='bbox 1728 3423 1907 3500; x_wconf 88' lang='lat' dir='ltr'>Comitatu</span> 
     </span>
     <span class='ocr_line' id='line_1_29' title="bbox 728 3519 1908 3615; baseline -0.007 -14"><span class='ocrx_word' id='word_1_219' title='bbox 728 3525 927 3600; x_wconf 89' lang='lat' dir='ltr'>Hollandiae</span> <span class='ocrx_word' id='word_1_220' title='bbox 940 3519 1204 3593; x_wconf 88' lang='lat' dir='ltr'>Procuratorem</span> <span class='ocrx_word' id='word_1_221' title='bbox 1218 3519 1428 3615; x_wconf 85' lang='lat' dir='ltr'>confugere,</span> <span class='ocrx_word' id='word_1_222' title='bbox 1442 3521 1478 3594; x_wconf 79' lang='grc' dir='ltr'>δα</span> <span class='ocrx_word' id='word_1_223' title='bbox 1493 3519 1654 3594; x_wconf 86' lang='lat' dir='ltr'>adversus</span> <span class='ocrx_word' id='word_1_224' title='bbox 1672 3543 1743 3592; x_wconf 86' lang='lat' dir='ltr'>tam</span> <span class='ocrx_word' id='word_1_225' title='bbox 1754 3543 1908 3597; x_wconf 87' lang='lat' dir='ltr'>atrocem</span> 
     </span>
     <span class='ocr_line' id='line_1_30' title="bbox 728 3613 1909 3716; baseline -0.007 -20"><span class='ocrx_word' id='word_1_226' title='bbox 728 3625 888 3716; x_wconf 85' lang='lat' dir='ltr'>injurium</span> <span class='ocrx_word' id='word_1_227' title='bbox 899 3670 910 3704; x_wconf 89' lang='lat'>,</span> <span class='ocrx_word' id='word_1_228' title='bbox 923 3617 1066 3689; x_wconf 87' lang='lat' dir='ltr'>horrida</span> <span class='ocrx_word' id='word_1_229' title='bbox 1080 3613 1253 3700; x_wconf 84' lang='lat' dir='ltr'>facinora,</span> <span class='ocrx_word' id='word_1_230' title='bbox 1267 3613 1483 3688; x_wconf 82' lang='lat' dir='ltr'>necessariam</span> <span class='ocrx_word' id='word_1_231' title='bbox 1496 3637 1600 3710; x_wconf 91' lang='lat' dir='ltr'>opem</span> <span class='ocrx_word' id='word_1_232' title='bbox 1614 3617 1803 3710; x_wconf 89' lang='lat' dir='ltr'>implorare</span> <span class='ocrx_word' id='word_1_233' title='bbox 1814 3639 1909 3701; x_wconf 87' lang='lat' dir='ltr'>,coa-</span> 
     </span>
    </p>

    <p class='ocr_par' dir='ltr' id='par_1_5' title="bbox 626 3706 1914 4091">
     <span class='ocr_line' id='line_1_31' title="bbox 662 3706 1910 3806; baseline -0.006 -16"><span class='ocrx_word' id='word_1_234' title='bbox 662 3717 664 3728; x_wconf 90' lang='lat'>&#39;</span> <span class='ocrx_word' id='word_1_235' title='bbox 730 3719 806 3790; x_wconf 75' lang='lat' dir='ltr'>stus</span> <span class='ocrx_word' id='word_1_236' title='bbox 824 3715 898 3787; x_wconf 88' lang='lat' dir='ltr'>suit.</span> <span class='ocrx_word' id='word_1_237' title='bbox 925 3711 1067 3786; x_wconf 75' lang='lat' dir='ltr'>Etcum</span> <span class='ocrx_word' id='word_1_238' title='bbox 1089 3706 1217 3782; x_wconf 76' lang='lat' dir='ltr'>dietam</span> <span class='ocrx_word' id='word_1_239' title='bbox 1228 3711 1449 3803; x_wconf 82' lang='lat' dir='ltr'>Margaretom</span> <span class='ocrx_word' id='word_1_240' title='bbox 1462 3711 1507 3782; x_wconf 86' lang='lat' dir='ltr'>ad</span> <span class='ocrx_word' id='word_1_241' title='bbox 1520 3713 1555 3782; x_wconf 89' lang='lat' dir='ltr'>id</span> <span class='ocrx_word' id='word_1_242' title='bbox 1569 3711 1848 3806; x_wconf 82' lang='lat' dir='ltr'>promptissimam</span> <span class='ocrx_word' id='word_1_243' title='bbox 1860 3714 1910 3784; x_wconf 92' lang='lat' dir='ltr'>in-</span> 
     </span>
     <span class='ocr_line' id='line_1_32' title="bbox 626 3801 1911 3899; baseline -0.007 -13"><span class='ocrx_word' id='word_1_244' title='bbox 626 3865 628 3870; x_wconf 82' lang='lat'><em>.</em></span> <span class='ocrx_word' id='word_1_245' title='bbox 729 3811 893 3899; x_wconf 83' lang='lat' dir='ltr'>venisset,</span> <span class='ocrx_word' id='word_1_246' title='bbox 906 3805 1033 3880; x_wconf 82' lang='lat' dir='ltr'>&amp;mox</span> <span class='ocrx_word' id='word_1_247' title='bbox 1043 3820 1154 3878; x_wconf 84' lang='lat' dir='ltr'>certus</span> <span class='ocrx_word' id='word_1_248' title='bbox 1165 3804 1434 3877; x_wconf 69' lang='lat' dir='ltr'>dit&#39;tiCnrtotr</span> <span class='ocrx_word' id='word_1_249' title='bbox 1449 3801 1555 3899; x_wconf 86' lang='lat' dir='ltr'>Regis</span> <span class='ocrx_word' id='word_1_250' title='bbox 1565 3804 1775 3899; x_wconf 87' lang='lat' dir='ltr'>Capitaneus</span> <span class='ocrx_word' id='word_1_251' title='bbox 1792 3807 1911 3879; x_wconf 90' lang='lat' dir='ltr'>valido</span> 
     </span>
     <span class='ocr_line' id='line_1_33' title="bbox 726 3895 1914 3999; baseline -0.006 -16"><span class='ocrx_word' id='word_1_252' title='bbox 726 3911 904 3992; x_wconf 80' lang='lat' dir='ltr'>exercitu,</span> <span class='ocrx_word' id='word_1_253' title='bbox 921 3904 1051 3996; x_wconf 86' lang='lat' dir='ltr'>magnis</span> <span class='ocrx_word' id='word_1_254' title='bbox 1071 3899 1211 3996; x_wconf 87' lang='lat' dir='ltr'>quidem</span> <span class='ocrx_word' id='word_1_255' title='bbox 1228 3899 1419 3993; x_wconf 85' lang='lat' dir='ltr'>sumptibus</span> <span class='ocrx_word' id='word_1_256' title='bbox 1436 3906 1651 3984; x_wconf 84' lang='lat' dir='ltr'>coadunato,</span> <span class='ocrx_word' id='word_1_257' title='bbox 1667 3895 1705 3972; x_wconf 78' lang='lat' dir='ltr'>dc</span> <span class='ocrx_word' id='word_1_258' title='bbox 1725 3900 1786 3975; x_wconf 92' lang='lat' dir='ltr'>sub</span> <span class='ocrx_word' id='word_1_259' title='bbox 1811 3899 1914 3999; x_wconf 87' lang='lat' dir='ltr'>lignis</span> 
     </span>
     <span class='ocr_line' id='line_1_34' title="bbox 733 3993 1913 4091; baseline -0.006 -12"><span class='ocrx_word' id='word_1_260' title='bbox 733 4003 940 4081; x_wconf 88' lang='lat' dir='ltr'>constituto,</span> <span class='ocrx_word' id='word_1_261' title='bbox 961 4001 996 4070; x_wconf 88' lang='lat' dir='ltr'>irt</span> <span class='ocrx_word' id='word_1_262' title='bbox 1013 3997 1153 4070; x_wconf 86' lang='lat' dir='ltr'>Ducatu</span> <span class='ocrx_word' id='word_1_263' title='bbox 1169 3995 1363 4067; x_wconf 69' lang='lat' dir='ltr'>dictitarat·</span> <span class='ocrx_word' id='word_1_264' title='bbox 1378 3993 1490 4068; x_wconf 88' lang='lat' dir='ltr'>Ducis</span> <span class='ocrx_word' id='word_1_265' title='bbox 1509 3997 1675 4091; x_wconf 87' lang='lat' dir='ltr'>impeturn</span> <span class='ocrx_word' id='word_1_266' title='bbox 1696 3995 1847 4087; x_wconf 79' lang='lat' dir='ltr'>iecisset,</span> <span class='ocrx_word' id='word_1_267' title='bbox 1872 4023 1913 4072; x_wconf 87' lang='lat' dir='ltr'>ac</span> 
     </span>
    </p>
   </div>
   <div class='ocr_carea' id='block_1_5' title="bbox 733 4089 1915 4288">
    <p class='ocr_par' dir='ltr' id='par_1_6' title="bbox 733 4089 1915 4288">
     <span class='ocr_line' id='line_1_35' title="bbox 733 4089 1914 4194; baseline -0.003 -22"><span class='ocrx_word' id='word_1_268' title='bbox 733 4123 782 4194; x_wconf 91' lang='lat' dir='ltr'>op</span> <span class='ocrx_word' id='word_1_269' title='bbox 810 4099 866 4172; x_wconf 87' lang='lat' dir='ltr'>ida</span> <span class='ocrx_word' id='word_1_270' title='bbox 890 4093 951 4168; x_wconf 89' lang='lat' dir='ltr'>sub</span> <span class='ocrx_word' id='word_1_271' title='bbox 972 4089 1049 4188; x_wconf 90' lang='lat' dir='ltr'>ipso</span> <span class='ocrx_word' id='word_1_272' title='bbox 1074 4091 1178 4164; x_wconf 88' lang='lat' dir='ltr'>Duce</span> <span class='ocrx_word' id='word_1_273' title='bbox 1203 4091 1373 4164; x_wconf 88' lang='lat' dir='ltr'>violenter</span> <span class='ocrx_word' id='word_1_274' title='bbox 1401 4113 1574 4185; x_wconf 88' lang='lat' dir='ltr'>occupata</span> <span class='ocrx_word' id='word_1_275' title='bbox 1596 4089 1848 4189; x_wconf 78' lang='lat' dir='ltr'>recuperasset,</span> <span class='ocrx_word' id='word_1_276' title='bbox 1875 4097 1914 4169; x_wconf 76' lang='grc' dir='ltr'>δι</span> 
     </span>
     <span class='ocr_line' id='line_1_36' title="bbox 734 4126 1915 4288; baseline -0.005 -21"><span class='ocrx_word' id='word_1_277' title='bbox 734 4126 844 4288; x_wconf 72' lang='lat' dir='ltr'>ipiim</span> <span class='ocrx_word' id='word_1_278' title='bbox 870 4191 1039 4262; x_wconf 77' lang='lat' dir='ltr'>Isauricum</span> <span class='ocrx_word' id='word_1_279' title='bbox 1055 4185 1212 4258; x_wconf 75' lang='lat' dir='ltr'>Electum</span> <span class='ocrx_word' id='word_1_280' title='bbox 1233 4190 1266 4259; x_wconf 90' lang='lat' dir='ltr'>iu</span> <span class='ocrx_word' id='word_1_281' title='bbox 1286 4183 1342 4257; x_wconf 86' lang='lat' dir='ltr'>sua</span> <span class='ocrx_word' id='word_1_282' title='bbox 1361 4186 1531 4266; x_wconf 80' lang='lat' dir='ltr'>civitate,</span> <span class='ocrx_word' id='word_1_283' title='bbox 1565 4209 1585 4260; x_wconf 86' lang='lat' dir='ltr'>a</span> <span class='ocrx_word' id='word_1_284' title='bbox 1603 4211 1671 4282; x_wconf 90' lang='lat' dir='ltr'>qua</span> <span class='ocrx_word' id='word_1_285' title='bbox 1694 4191 1822 4283; x_wconf 76' lang='lat' dir='ltr'>ejectus</span> <span class='ocrx_word' id='word_1_286' title='bbox 1839 4186 1915 4262; x_wconf 88' lang='lat' dir='ltr'>fue-</span> 
     </span>
    </p>
   </div>
   <div class='ocr_carea' id='block_1_6' title="bbox 733 4278 1916 4374">
    <p class='ocr_par' dir='ltr' id='par_1_7' title="bbox 733 4278 1916 4374">
     <span class='ocr_line' id='line_1_37' title="bbox 733 4278 1916 4374; baseline -0.006 -13"><span class='ocrx_word' id='word_1_287' title='bbox 733 4309 806 4367; x_wconf 81' lang='lat' dir='ltr'>rat,</span> <span class='ocrx_word' id='word_1_288' title='bbox 834 4283 1045 4364; x_wconf 82' lang='lat' dir='ltr'>restituisset,</span> <span class='ocrx_word' id='word_1_289' title='bbox 1071 4279 1234 4374; x_wconf 82' lang='lat' dir='ltr'>praefatus</span> <span class='ocrx_word' id='word_1_290' title='bbox 1261 4283 1417 4351; x_wconf 80' lang='lat' dir='ltr'>Hearirur</span> <span class='ocrx_word' id='word_1_291' title='bbox 1443 4278 1602 4366; x_wconf 69' lang='lat' dir='ltr'>Elestus,</span> <span class='ocrx_word' id='word_1_292' title='bbox 1634 4299 1688 4353; x_wconf 91' lang='lat' dir='ltr'>tot</span> <span class='ocrx_word' id='word_1_293' title='bbox 1713 4283 1916 4356; x_wconf 87' lang='lat' dir='ltr'>calamitati·</span> 
     </span>
    </p>
   </div>
   <div class='ocr_carea' id='block_1_7' title="bbox 601 4376 1916 4474">
    <p class='ocr_par' dir='ltr' id='par_1_8' title="bbox 601 4376 1916 4474">
     <span class='ocr_line' id='line_1_38' title="bbox 601 4376 1916 4474; baseline -0.002 -20"><span class='ocrx_word' id='word_1_294' title='bbox 601 4447 604 4454; x_wconf 90' lang='lat'><em>.</em></span> <span class='ocrx_word' id='word_1_295' title='bbox 735 4386 797 4459; x_wconf 88' lang='lat' dir='ltr'>bus</span> <span class='ocrx_word' id='word_1_296' title='bbox 818 4405 887 4474; x_wconf 91' lang='lat' dir='ltr'>ope</span> <span class='ocrx_word' id='word_1_297' title='bbox 913 4379 1017 4470; x_wconf 82' lang='lat' dir='ltr'>ipsus</span> <span class='ocrx_word' id='word_1_298' title='bbox 1043 4377 1222 4448; x_wconf 83' lang='lat' dir='ltr'>Cnnotr</span> <span class='ocrx_word' id='word_1_299' title='bbox 1246 4376 1353 4470; x_wconf 82' lang='lat' dir='ltr'>Regis</span> <span class='ocrx_word' id='word_1_300' title='bbox 1376 4376 1513 4447; x_wconf 89' lang='lat' dir='ltr'>tandem</span> <span class='ocrx_word' id='word_1_301' title='bbox 1537 4376 1722 4464; x_wconf 86' lang='lat' dir='ltr'>liberatus,</span> <span class='ocrx_word' id='word_1_302' title='bbox 1761 4377 1916 4451; x_wconf 85' lang='lat' dir='ltr'>animad-</span> 
     </span>
    </p>
   </div>
   <div class='ocr_carea' id='block_1_8' title="bbox 731 4457 1924 4644">
    <p class='ocr_par' dir='ltr' id='par_1_9' title="bbox 731 4457 1924 4644">
     <span class='ocr_line' id='line_1_39' title="bbox 731 4457 1917 4572; baseline -0.008 -18"><span class='ocrx_word' id='word_1_303' title='bbox 731 4501 891 4572; x_wconf 82' lang='lat' dir='ltr'>vertens,</span> <span class='ocrx_word' id='word_1_304' title='bbox 915 4477 968 4562; x_wconf 86' lang='lat' dir='ltr'>se,</span> <span class='ocrx_word' id='word_1_305' title='bbox 995 4473 1234 4550; x_wconf 84' lang='lat' dir='ltr'>&amp;Civitatem</span> <span class='ocrx_word' id='word_1_306' title='bbox 1254 4457 1384 4569; x_wconf 84' lang='lat' dir='ltr'>ipsam,</span> <span class='ocrx_word' id='word_1_307' title='bbox 1417 4491 1458 4545; x_wconf 88' lang='lat' dir='ltr'>ac</span> <span class='ocrx_word' id='word_1_308' title='bbox 1474 4491 1529 4546; x_wconf 92' lang='lat' dir='ltr'>tot</span> <span class='ocrx_word' id='word_1_309' title='bbox 1546 4471 1652 4545; x_wconf 82' lang='lat' dir='ltr'>calita</span> <span class='ocrx_word' id='word_1_310' title='bbox 1671 4471 1709 4549; x_wconf 82' lang='lat' dir='ltr'>dt</span> <span class='ocrx_word' id='word_1_311' title='bbox 1727 4473 1860 4571; x_wconf 88' lang='lat' dir='ltr'>oppida</span> <span class='ocrx_word' id='word_1_312' title='bbox 1878 4475 1917 4548; x_wconf 76' lang='grc' dir='ltr'>δι</span> 
     </span>
     <span class='ocr_line' id='line_1_40' title="bbox 1812 4592 1924 4644; baseline -0.009 0"><span class='ocrx_word' id='word_1_313' title='bbox 1812 4592 1924 4644; x_wconf 87' lang='lat' dir='ltr'>munr-</span> 
     </span>
    </p>
   </div>
   <div class='ocr_carea' id='block_1_9' title="bbox 0 0 2369 5840">
    <p class='ocr_par' dir='ltr' id='par_1_10' title="bbox 0 0 2369 5840">
     <span class='ocr_line' id='line_1_41' title="bbox 0 0 2369 5840; baseline 0 0"><span class='ocrx_word' id='word_1_314' title='bbox 0 0 2369 5840; x_wconf 95' lang='lat' dir='ltr'> </span> 
     </span>
    </p>
   </div>
  </div>
 </body>
</html>
