4646 5798
1574 627 1675 714 *f*

563 648 1630 1008 ammonam33

463 1279 1111 1453 mucuouooium
1179 1335 1655 1445 anonumum.

473 1664 477 1667 .
821 1587 882 1663 bic
911 1589 955 1662 de
980 1587 1129 1685 Oppido
1157 1584 1341 1672 Bredano,
1363 1589 1402 1662 du
1428 1586 1471 1661 de
1491 1589 1658 1687 Capituio

474 1651 658 1789 stiffi
689 1700 696 1727 ¹
735 1683 777 1756 Β.
802 1683 857 1758 M.
885 1683 1015 1758 ibidem
1041 1683 1208 1766 fundato,
1243 1681 1524 1778 praemittendum
1554 1685 1657 1775 effen,

319 1790 323 1796 '
494 1756 660 1881 ipsium*
734 1777 1191 1854 accuratefimui&abunde
1205 1779 1362 1875 praestitit
1378 1776 1656 1876 audiorHiJioriae

482 1918 491 1941 i
602 1866 658 1963 fij—⁴
700 1875 934 1971 Episcopatus
957 1870 1216 1966 Antompionsts,
1253 1877 1351 1970 typis
1382 1873 1658 1950 Bruxellensibus

478 2006 484 2025 ·
598 2006 651 2059 ζ,
689 1980 693 2001 ⁷
732 1971 768 2044 iu
792 1971 904 2044 lucem
922 1967 1046 2042 emiffae
1064 1993 1156 2044 anno
1178 1989 1281 2060 1717.
1306 1969 1432 2064 Capite
1454 1993 1509 2043 12.
1523 1971 1582 2044 ubi
1597 1993 1658 2044 ex·

481 2139 487 2146 ,
661 2159 663 2164 Ι
733 2065 872 2138 hibetur
889 2065 925 2136 di
953 2068 1045 2136 loma
1058 2064 1273 2138 fundationis
1292 2065 1509 2162 desumptum
1529 2089 1572 2142 ox
1583 2067 1667 2140 Mi.

466 2183 537 2236 τεο
558 2182 642 2236 tom.
669 2184 698 2233 1.
721 2181 802 2254 pag.
825 2181 906 2252 444.
926 2089 1104 2246 imoimo,
1139 2181 1183 2233 ne
1211 2160 1323 2232 adium
1348 2183 1507 2256 agamus,
1542 2186 1585 2236 eo
1605 2185 1659 2234 re·

465 2256 637 2331 mittimus
655 2256 831 2330 iestorem.
856 2257 1070 2348 Antiquitam
1088 2255 1247 2326 Bradanus
1266 2256 1354 2330 male
1378 2251 1526 2350 digestas
1547 2257 1658 2332 edidit

467 2351 560 2446 ],Β.
582 2349 808 2446 Grammaye.
834 2347 929 2424 Vide
947 2371 1076 2422 novam
1099 2349 1286 2422 editionem
1306 2352 1385 2422 anni
1404 2363 1507 2442 1708.
1531 2353 1567 2423 in
1592 2350 1654 2423 foi.

434 2481 437 2489 «
514 2445 764 2522 Fundatonest
784 2445 980 2537 Jauonus
1002 2445 1206 2539 presbyter,
1238 2445 1412 2540 parochus
1439 2447 1483 2517 de
1513 2446 1667 2536 Ghilse,.

468 2539 507 2616 du
525 2542 689 2618 Decanus
702 2539 860 2636 Capituli
872 2539 1154 2628 Hilvaribecani‚
1180 2539 1323 2615 diocesia
1341 2559 1423 2614 tunc
1435 2539 1666 2628 Leodienfio·‚.

467 2661 563 2714 nunc
585 2635 869 2735 Sylvaeducensu.
920 2635 1128 2732 Cognomen
1149 2637 1200 2709 iili
1218 2633 1424 2722 Consua,
1449 2640 1501 2711 uti
1514 2641 1551 2711 in
1564 2641 1658 2713 notis

468 2734 514 2808 ad
529 2736 745 2828 Necrqugium
768 2730 958 2806 ostendam.
1004 2730 1156 2806 instituit
1180 2751 1295 2805 autem
1319 2730 1450 2826 septem
1474 2731 1547 2829 ipse
1568 2755 1659 2829 prae·

467 2829 598 2904 beodas
616 2831 661 2902 de
681 2829 779 2902 bonis
798 2827 892 2913 suis,
918 2823 1077 2900 oiiavum
1104 2827 1161 2900 Hu
1184 2828 1255 2898 ode
1273 2825 1479 2922 Maroerffam.
1531 2827 1657 2904 Voluit

465 2927 592 3000 horum
610 2922 693 2998 ooo
711 2923 968 2997 Canonicomm
988 2943 1058 2996 tres
1082 2921 1150 2996 eiie
1198 2923 1416 3017 resbyteros,
1441 2943 1511 2997 tres
1528 2922 1658 3000 Diaoo·

466 3044 531 3100 nos
549 3019 587 3094 δι
602 3024 691 3094 duos
706 3020 961 3094 Subdiaconos.
1010 3016 1110 3092 Duas
1120 3017 1340 3113 Capelianias
1358 3022 1393 3090 in
1408 3021 1529 3093 eadem
1548 3025 1670 3096 eccle·-

464 3116 510 3192 fia
528 3119 612 3190 olim
629 3114 811 3200 fundatas,
835 3116 949 3190 voluit
969 3111 1046 3208 post
1069 3111 1195 3188 eess'um
1213 3115 1278 3188 'aut
1303 3113 1473 3186 deceiium
1497 3113 1660 3210 poiiess'o·

465 3210 1659 3382 iiiimxiiii„iiiiiiiaiiiiiffl‘doiiiiii?

468 3399 634 3476 consensu
658 3399 794 3494 Rusonis
821 3402 865 3474 de
897 3401 1060 3485 Gaoere,
1092 3398 1238 3472 Domini
1263 3403 1306 3472 de
1333 3399 1570 3490 Lidekercke,
1622 3405 1657 3477 ui

469 3519 513 3572 ox
534 3497 699 3592 conjugio
716 3518 793 3567 cum
812 3495 904 3567 Alide
919 3495 978 3566 vel
996 3494 1100 3566 Alicio
1112 3493 1236 3568 Bredae
1254 3495 1426 3579 Domina,
1451 3500 1570 3570 hunum
1588 3427 1657 3572 ga·

465 3593 692 3761 ssoiianiarum
711 3613 753 3664 ac
770 3589 875 3686 ipsius
890 3591 1099 3684 parochialis
1116 3589 1282 3664 Ecclesiae
1298 3614 1463 3684 patronus
1480 3591 1656 3667 existebat.

501 3691 666 3762 arochom
686 3685 803 3759 statuit
819 3684 886 3758 effe
902 3685 1118 3760 Canonicum
1137 3689 1308 3760 decimum
1330 3691 1490 3771 tertium,
1517 3690 1577 3783 qui
1598 3713 1657 3762 cu·

467 3807 540 3858 ram
566 3786 739 3879 reciperet
761 3807 782 3856 a
805 3782 951 3856 Decano
978 3781 1143 3877 Capituli.
1194 3781 1270 3876 Qui
1297 3781 1460 3856 Decanus
1483 3809 1503 3858 e
1523 3787 1657 3878 gremio

468 3879 621 3974 Capituli
645 3901 706 3974 per
730 3877 929 3953 Canonicos
955 3881 1133 3972 eligendus
1161 3877 1264 3960 effen,
1297 3881 1340 3952 ab
1368 3879 1547 3975 Episcopo
1569 3882 1658 3953 Leo·

467 3973 577 4048 diensi
595 3971 862 4052 confirmandus.
913 3972 1064 4047 Primum
1085 3995 1171 4048 vero
1193 3973 1373 4046 Decanum
1398 3977 1502 4067 elegit
1526 3975 1598 4070 ipse
1621 3975 1658 4048 δι

469 4068 601 4164 septem
627 4071 758 4162 primos
781 4066 1003 4151 Canonicos,
1036 4071 1208 4164 probante
1240 4091 1281 4141 ac
1307 4063 1532 4143 confirmante
1566 4072 1657 4143 hanc

469 4163 708 4239 fundationem
728 4163 894 4236 neniam
917 4161 1095 4236 Leodienii
1117 4163 1293 4258 Epifcopo
1311 4187 1403 4236 anno
1427 4186 1528 4256 1303.
1555 4167 1659 4236 Anno

476 4266 580 4354 1388.
607 4261 748 4350 Joannes
780 4259 823 4331 de
851 4259 1004 4333 Polanen
1030 4259 1168 4343 senior,
1204 4259 1376 4332 Dominus
1404 4263 1447 4332 de
1476 4261 1594 4333 Leuka
1622 4264 1659 4336 δι

472 4357 586 4430 Breda
605 4354 765 4428 fundavit
778 4357 945 4458 decimam
962 4375 1117 4450 quartam
1136 4357 1375 4452 praebendam
1397 4357 1550 4432 'fabulas
1565 4357 1663 4432 dedit

474 4451 623 4566 Mirm
640 4447 839 4568 Uipitom.
860 4475 892 4526 ι’
913 4475 950 4550 p.
969 4456 1172 4621 784‘Tto
1533 4543 1666 4624 Audon
