4646 5798
647 645 731 757 αρε
815 623 1197 724 uacanr
1251 621 1693 741 omnuim

702 825 821 922 Atque
829 819 890 898 hic
904 819 1079 897 concludo
1094 816 1213 896 seriem
1225 837 1299 894 tum
1310 817 1535 894 Decanorum
1552 818 1595 894 B.
1607 819 1751 910 Maria,
1762 839 1842 900 turn

653 923 875 1022 praelatorum
890 912 1194 1014 Ultrajedlensrom
1211 917 1385 1000 omniurn,
1409 939 1497 1012 quos
1519 917 1656 1012 quidem
1682 917 1754 993 scio
1771 919 1843 993 Ca·

655 1019 799 1188 {molisio
817 1013 1034 1182 tesmporibus
1050 1008 1231 1108 praefuiss'e.
1281 1011 1316 1086 Is
1332 1014 1393 1108 qui
1408 1035 1531 1108 agmen
1553 1010 1692 1104 claufit,
1717 1017 1843 1112 dignus

711 1139 726 1187 t
755 1135 822 1187 oco
857 1135 914 1184 uo.

709 1207 767 1281 Ex
786 1209 856 1280 boc
876 1229 953 1280 meo
971 1205 1145 1300 Catalogo
1161 1224 1283 1300 patet,
1308 1226 1476 1299 quantum
1499 1204 1682 1280 debeamus
1709 1207 1860 1280 Antonio·

662 1299 909 1380 Mattloelllnt.
929 1299 979 1376 fil.
995 1299 1245 1397 Ultrajettinm
1261 1301 1298 1374 iu
1313 1299 1500 1374 Academia
1510 1300 1564 1372 Lu
1591 1302 1704 1375 duno·
1715 1299 1860 1376 Batava.

662 1400 752 1496 Juris
765 1393 1065 1491 Antecefforrqus
1088 1396 1499 1493 quamvis-Acatholicus,
1517 1394 1584 1470 Cat
1611 1398 1710 1471 olicis
1730 1416 1846 1469 tamen

663 1497 703 1570 δι
729 1493 1001 1590 temporibus&
1028 1493 1131 1567 rebus
1156 1492 1372 1566 excutiendis
1397 1511 1552 1584 magnam
1578 1514 1724 1586 partem*
1739 1493 1848 1576 utatis

663 1588 782 1678 trivit,
807 1588 844 1662 δι
874 1586 947 1662 fere
971 1588 1149 1663 innumera
1175 1589 1225 1662 rei
1248 1585 1443 1660 Catholicae
1465 1584 1705 1682 Ultrajebiinae
1729 1610 1850 1660 monu-

666 1705 816 1762 mentae
834 1683 897 1756 fitu
916 1683 1026 1770 eruit,
1052 1685 1090 1759 &
1109 1683 1243 1778 publici
1256 1684 1343 1778 juris
1362 1679 1466 1754 fecit:
1492 1703 1618 1776 magno
1643 1701 1736 1757 certe
1755 1705 1850 1754 com·

664 1781 774 1856 modo
787 1775 928 1862 nostro,
939 1781 1163 1876 omniumque
1180 1779 1240 1872 qui
1251 1797 1440 1871 tanguntur
1454 1776 1672 1862 rebupsacris
1683 1775 1851 1856 Eccleuae

670 1873 919 1970 Ultrajebbinae.
970 1873 1069 1949 Libri
1095 1874 1222 1948 abillo
1248 1873 1352 1958 editi,
1385 1873 1514 1966 viginti
1534 1874 1789 1960 voluminibus,
1814 1871 1852 1946 in

666 1993 857 2071 paucorum
881 1970 1035 2044 manibus
1056 1967 1154 2059 sunt,
1180 1971 1217 2042 bt
1237 1967 1344 2063 aliqui
1360 1969 1431 2039 ¹vin
1450 1969 1668 2064 reperibibs,
1693 1973 1854 2065 quamvis

557 2110 569 2127 ι
668 2093 739 2160 nqn
757 2071 805 2140 ita
825 2068 957 2159 pridem
982 2067 1127 2161 vulgati.
1178 2062 1486 2158 Habemussgttm
1507 2066 1587 2138 viro
1612 2063 1792 2144 laborioso
1814 2068 1854 2144 dt

651 2161 875 2257 'intelligenti
895 2159 1048 2254 gratiam.
1073 2165 1080 2173 '
1426 2161 1427 2164 ’
1759 2179 1765 2222 :

718 2259 787 2334 Sed
803 2255 1085 2330 dillimularenon
1104 2253 1280 2350 polluimus
1296 2254 1413 2328 aesturu
1430 2254 1659 2353 impotentem
1677 2279 1749 2354 quo
1763 2257 1856 2356 saepo

669 2355 833 2448 abreptus
854 2351 920 2423 fuit
935 2373 1056 2426 contra
1072 2354 1275 2446 religionem
1293 2350 1512 2426 Catholicam
1524 2403 1536 2441 ,
1550 2355 1588 2428 dt
1607 2354 1708 2450 cujus
1727 2377 1781 2427 me
1799 2359 1855 2450 pi-

657 2471 661 2486 ⁴
697 2453 748 2524 uis
766 2450 804 2524 &
826 2445 999 2521 misertum
1014 2448 1065 2520 est
1083 2445 1225 2542 sepius.
1251 2450 1472 2544 quantumvis
1488 2450 1663 2522 hominem
1682 2451 1866 2523 eruditum

671 2475 751 2620 Pane
775 2545 812 2618 &
836 2561 951 2616 cetera
973 2545 1166 2638 elegantem
1190 2541 1397 2637 suspicerem
1427 2564 1532 2640 atque
1552 2567 1712 2626 amarem.
1763 2544 1857 2620 Haefi

672 2641 788 2716 fateor
808 2659 1088 2734 nonnumquam,
1112 2635 1152 2719 dt
1173 2659 1243 2711 non
1268 2637 1337 2712 line
1362 2638 1502 2733 stupore
1517 2663 1651 2714 mecum
1674 2645 1873 2740 reputavit.

673 2737 748 2812 fieri
768 2733 830 2830 qui
848 2737 1003 2830 pot-uerit
1015 2785 1029 2822 ·,
1042 2755 1093 2820 ,ut
1109 2736 1163 2804 vir
1180 2733 1375 2806 liberalibus
1393 2733 1637 2831 disciplinis&
1653 2739 1753 2813 bonis
1768 2739 1859 2812 litte·

675 2836 722 2908 ris
749 2835 1021 2917 temerentur,
1047 2849 1117 2903 tarn
1144 2830 1326 2902 illiberales
1352 2851 1477 2914 voces,
1504 2833 1541 2906 dt
1571 2851 1641 2904 tam
1667 2855 1737 2906 non
1767 2836 1859 2908 bona

673 2926 781 3004 verba
797 2929 833 2999 in
853 2924 1071 3001 Catholicam
1092 2925 1294 3017 religionem
1310 2924 1444 3019 jacere,
1471 2927 1543 3000 &e
1563 2929 1696 3002 calamo
1717 2928 1778 3003 suo
1796 2953 1861 3025 po-

674 3023 1000 3099 tueritesttrodere:
1026 3045 1175 3116 quorum
1195 3021 1323 3114 pudeat
1331 3020 1557 3094 Acatbol'rcos
1577 3045 1696 3098 omnes
1717 3028 1778 3120 qui
1795 3028 1863 3100 viri

674 3114 874 3220 probi-stne.-
889 3119 1082 3225 'Adducam
1097 3115 1282 3214 specimina
1302 3111 1373 3188 duo
1388 3116 1589 3208 dumtaxat,
1613 3116 1684 3195 srue
1699 3125 1775 3198 ullo
1785 3143 1863 3198 meo

676 3231 935 3295 commentario.

724 3309 891 3392 Intereio
920 3328 1019 3382 tomo
1045 3305 1408 3380 Analeltorumdedit
1433 3307 1620 3404 viginti&
1645 3309 1719 3387 duo
1745 3333 1862 3390 vetera

676 3404 893 3481 testamenta.
944 3402 1128 3478 Decimum
1145 3403 1356 3499 &quartum
1373 3402 1610 3478 testamentum
1624 3408 1672 3480 est
1689 3411 1864 3486 Wllrelmae.

678 3503 829 3576 dominae
852 3499 888 3571 dt
916 3497 1091 3592 illontfsort
1118 3502 1200 3569 anni
1224 3505 1324 3587 1506.
1346 3520 1567 3594 quas-praeter
1591 3503 1686 3575 varia
1706 3508 1864 3580 anniver-

545 3621 552 3628 ·
678 3597 763 3672 saria
782 3597 818 3671 &
840 3598 1021 3668 memorias
1039 3593 1226 3666 menstruas
1244 3617 1264 3668 a
1281 3593 1312 3668 se
1328 3591 1491 3670 fundatas
1510 3618 1575 3690 pro
1595 3597 1776 3694 refrigerio
1793 3603 1864 3673 ani·

677 3714 812 3768 marum
839 3693 1025 3762 multorum
1055 3689 1277 3761 illustriffimae
1301 3690 1442 3764 familiae
1464 3690 1747 3778 Moutfortianae‚
1770 3695 1881 3769 insti-¹·

679 3791 750 3863 tuit
781 3786 885 3859 etiam
913 3781 1033 3878 nufflnt
1059 3788 1240 3878 quotannis
1268 3787 1457 3857 cantandam
1481 3787 1525 3858 ad
1540 3789 1653 3858 altare
1676 3789 1711 3862 S.
1729 3791 1861 3876 Annae,

681 3885 739 3957 die
770 3882 842 3976 ejus
867 3877 979 3965 festo,
1020 3879 1124 3973 idque
1151 3882 1187 3952 in
1210 3876 1352 3954 ecclelia
1382 3879 1579 3976 Colleglata
1604 3879 1861 3982 Naalwycensr.

680 3977 754 4053 llic
780 3973 872 4049 adest
899 3975 943 4047 A.
971 3975 1160 4050 Matthaeus
1173 4021 1187 4064 Δ,
1223 3977 1283 4071 qui
1305 3974 1502 4070 sequentem
1529 3980 1674 4072 apponit
1703 3979 1883 4078 gloffam:.·

685 4074 791 4150 Varie
805 4076 875 4144 olim
897 4069 1003 4168 miffae.
1056 4071 1182 4159 Carior,
1208 4095 1274 4164 qnae
1289 4095 1358 4144 tum
1377 4091 1492 4157 contu,
1517 4091 1551 4145 ut
1571 4070 1612 4154 &⁹
1630 4081 1746 4158 carior,
1772 4101 1864 4172 quam

685 4169 866 4254 Praelarus,
890 4190 980 4258 quum
999 4165 1112 4259 praesnl
1127 4169 1203 4238 dicit
1219 4183 1275 4237 aut
1286 4168 1404 4239 Alias.
1418 4170 1545 4262 Sleydrn
1560 4166 1614 4241 lr'b.
1631 4192 1666 4259 9.
1684 4173 1771 4266 Hist.
1798 4175 1866 4245 Ner

686 4271 811 4336 mirum.
863 4263 909 4336 Et
936 4266 1106 4334 meretrices
1124 4260 1173 4352 fic
1183 4260 1295 4354 solent.
1322 4265 1396 4365 Quo
1414 4287 1538 4356 quaequt
1560 4265 1606 4355 cll
1630 4269 1787 4349 ornatior,
1811 4290 1867 4358 quo

686 4363 851 4452 comptior,
878 4352 921 4438 ἐξ
938 4380 970 4430 eo
989 4358 1091 4429 carius
1119 4358 1339 4447 turpitudinem
1364 4362 1457 4446 suern
1487 4359 1603 4430 vendet.
1644 4361 1739 4434 Tanti
1763 4379 1868 4433 aurern

687 4455 839 4544 nonnullis
857 4449 968 4550 suffr,
993 4453 1125 4546 usqum
1140 4453 1267 4539 deletur
1283 4475 1323 4530 rx
1338 4453 1399 4528 hor
1416 4456 1510 4558 cardo
1522 4477 1610 4538 omne
1624 4459 1774 4540 creditum
1783 4475 1871 4626 godra-

1765 4575 1782 4628 c
1819 4569 1894 4644 ur,⁸
