4646 5798
521 737 524 744 -
607 665 979 768 AEMSTEL.
1032 665 1249 777 CUIUS
1292 665 1507 776 JURIS.
1559 697 1648 792 325

502 865 584 944 1³0st
604 831 861 966 hujus⁸Joannis
882 881 1056 947 mortem,¹
1079 857 1297 938 Giselbertus
1318 860 1361 934 de
1390 858 1520 936 Atnstel
1536 867 1639 960 oppi-

453 963 652 1046 rensuum
680 966 803 1059 ligneis
826 961 991 1057 pontibus
1018 959 1057 1036 δι
1081 959 1213 1034 turritis
1230 959 1512 1070 'propugnaculis
1534 961 1641 1069 unde·

451 1085 589 1156 cunque
606 1063 765 1134 munivit.
790 1058 860 1131 Sed
875 1061 1002 1170 'vulgus
1020 1054 1271 1138 Watetlandrae
1296 1077 1374 1131 cum
1389 1054 1640 1225 ‘oppidaffie

448 1153 1036 1328 lilllllllllinflllll
1052 1173 1213 1322 ἰὲέῗΠειθε
1237 1153 1274 1228 ἃ
1305 1171 1514 1228 ffl⁰m⁰⁰¹¹²⁸

416 1533 421 1540 ,
495 1452 634 1529 Exinde
656 1453 831 1548 johannes
856 1453 982 1530 Comes
1007 1451 1262 1530 Hannonienlis
1282 1451 1484 1528 Hollandiae
1505 1451 1643 1528 Comen

338 1627 339 1632 ,
446 1546 591 1627 effestus
615 1547 729 1623 statim
759 1551 913 1622 dominia
936 1554 980 1624 de
1011 1549 1164 1626 Aemstel
1190 1547 1227 1624 &
1260 1552 1305 1624 de
1339 1549 1518 1622 Woerden
1548 1539 1638 1622 Gui-

449 1646 533 1720 doni
564 1645 658 1718 fratri
682 1645 746 1718 suo
772 1647 916 1740 largitus
944 1645 1003 1720 est.
1029 1645 1121 1720 Beca
1145 1645 1206 1719 fol.
1234 1666 1311 1719 102.
1362 1643 1417 1718 lbi
1440 1665 1639 1739 opportune

444 1763 544 1820 notat
573 1743 779 1832 Bncltelliue
796 1739 860 1814 lol.
890 1763 976 1836 104..
1004 1741 1113 1815 Fratri
1126 1739 1189 1836 suo
1214 1742 1349 1836 largitus
1380 1738 1453 1834 eli:
1478 1739 1560 1815 Nec
1585 1759 1642 1813 ta-

446 1861 525 1916 men
544 1836 587 1912 de
603 1835 685 1912 suo:
709 1859 789 1911 narn
806 1857 903 1910 erant
913 1887 933 1922 ,.
941 1836 1069 1932 absque
1086 1835 1336 1918 controversia,
1360 1833 1528 1928 Eccleliae
1546 1835 1639 1910 Tra·

442 1931 611 2031 jettennr.
661 1931 710 2006 Et
732 1935 815 2006 licet
848 1955 969 2008 eorum
996 1935 1228 2006 dominiorum
1256 1931 1385 2005 Vasalli
1409 1933 1445 2006 &
1475 1927 1636 2026 poffeffo·

446 2055 499 2107 res
524 2023 719 2128 peccassent
749 2029 785 2101 in
809 2027 981 2104 Comitem
1015 2029 1248 2114 Hollandiae‚
1279 2050 1350 2100 non
1383 2047 1496 2099 tamen
1530 2025 1634 2101 feuda

446 2150 525 2222 quae
551 2147 651 2200 erant
678 2123 877 2218 Episcopi.
917 2127 952 2197 in
978 2125 1029 2218 jus
1058 2123 1259 2197 Hollnndiae
1298 2119 1439 2195 transire
1471 2141 1635 2217 poterant

445 2223 503 2298 sed
523 2223 566 2297 atl
594 2219 783 2292 Dominum
816 2219 984 2290 direiium
1009 2224 1139 2294 reverti
1168 2219 1370 2304 debebant,
1408 2218 1503 2310 quod
1519 2219 1543 2290 ii
1570 2222 1637 2312 qui·

445 2321 504 2390 vel
531 2338 653 2413 parurn
677 2317 712 2384 in
728 2312 804 2404 jure
831 2313 1050 2387 beneficiario
1077 2315 1202 2388 versati
1235 2314 1333 2402 sunt,
1367 2310 1474 2386 facile
1508 2314 1633 2386 intelln
1773 2371 1776 2380 .

417 2409 545 2510 ”gunt
570 2411 643 2484 Sed
664 2411 723 2481 hic
741 2405 809 2480 suit
833 2412 928 2481 omni
953 2432 1110 2503 tempore
1136 2413 1372 2504 potentiorum
1398 2431 1493 2495 mos,
1517 2429 1556 2481 ut
1579 2432 1634 2482 ar·

444 2511 509 2581 mis
535 2507 643 2600 tnagis
667 2527 769 2599 quam
795 2507 932 2598 legibus
956 2505 1136 2592 valerent,
1163 2506 1200 2580 ἁ
1226 2507 1366 2580 channe
1390 2505 1641 2580 imbecilliora

443 2602 516 2679 iere
530 2603 653 2698 gladiis
675 2603 855 2676 cederent..

494 2805 533 2878 ln
559 2805 723 2878 Matthiae
748 2805 879 2878 vander
908 2800 1034 2879 iloene
1059 2803 1260 2878 Advocaete
1297 2803 1333 2877 in
1362 2805 1390 2876 ’s
1425 2799 1633 2880 Gravenhe·

301 2851 308 2870 ·
442 2925 490 3070 g}
504 2901 671 2997 Epitome
697 2899 799 2974 Meta·
826 2897 1118 2984 Ordonnantien,
1143 2900 1372 2997 privilegien,
1397 2897 1546 2976 Editten
1561 2897 1633 2976 &0

446 3020 461 3071 1
499 3019 560 3071 tt..

486 3185 572 3260 item
599 3183 728 3276 brieff,
758 3209 852 3260 wart
877 3184 928 3282 by
955 3185 1128 3279 Iohannes
1151 3186 1282 3261 Gratff
1302 3209 1371 3260 van
1398 3183 1634 3288 Henegon'we

432 3295 480 3364 ῐῑι
507 3289 662 3364 Holland
682 3287 779 3387 geefr
801 3287 1045 3364 Heerfiuido
1070 3313 1138 3364 van
1167 3292 1399 3388 Henegouwe
1427 3293 1484 3367 die
1506 3295 1633 3390 goede·

440 3407 500 3458 ren
525 3387 580 3457 die
603 3408 664 3459 toe
690 3407 723 3456 te
749 3390 882 3456 hooren
905 3389 1032 3480 plagen
1050 3386 1206 3460 Harman
1232 3411 1299 3462 van
1325 3389 1528 3478 Woerden,
1552 3389 1634 3484 Gy·

439 3479 597 3555 febrecht
622 3503 693 3553 van
717 3478 908 3574 iselsteyn‚
935 3479 1155 3576 Gysebrecht
1183 3505 1252 3554 van
1280 3481 1432 3556 Aernstel
1452 3535 1472 3570 ,.
1491 3487 1634 3562 Arnout

345 3585 349 3592 '
438 3597 507 3652 van
529 3573 742 3670 Benschop,
767 3578 857 3648 ende
882 3576 974 3647 allen
1002 3579 1149 3652 anderen
1176 3577 1233 3650 die
1261 3599 1334 3652 raet
1362 3603 1405 3652 en
1430 3581 1512 3654 daet
1528 3602 1633 3677 gege-
1680 3641 1685 3648 .

436 3695 505 3842 ἔξει
528 3671 665 3745 hebben
689 3692 743 3745 tot
767 3673 1001 3748 nermoorden
1026 3697 1094 3749 van
1119 3675 1237 3770 trylen
1261 3670 1390 3751 Graeff
1411 3673 1547 3768 Floris,
1582 3677 1631 3754 de

481 3791 518 3843 to
540 3787 643 3860 1300.

484 3955 526 4030 ln
547 3958 592 4031 de
609 3955 787 4034 Archiven
805 3983 875 4042 van
893 3960 1051 4036 Helland
1071 3961 1228 4037 bewaett
1241 3981 1296 4036 tot
1318 3957 1491 4057 Quesnoy
1508 3962 1544 4036 in
1555 3961 1630 4040 He·

431 4059 628 4148 n'egouwe,
651 4075 746 4129 wort
772 4059 958 4149 gevonden
977 4057 1101 4133 sstieve
1118 4083 1187 4133 van
1214 4057 1311 4132 Heer
1328 4058 1449 4132 Guido
1464 4080 1533 4134 van
1552 4059 1631 4134 H'e·

433 4171 630 4244 negouwe,
655 4152 820 4224 roetende
843 4155 912 4226 hoe
940 4155 989 4248 hy
1015 4152 1145 4228 beltent
1172 4153 1234 4230 des
1258 4151 1441 4249 Billchops
1467 4173 1545 4226 man
1561 4179 1639 4230 van

431 4261 595 4438 dtltreelrt
613 4280 647 4336 te
665 4261 778 4344 wesen
794 4287 843 4366 op
857 4267 901 4343 de
917 4267 1091 4364 goederen
1109 4291 1179 4344 van
1194 4265 1347 4348 Aemilel
1365 4263 1410 4342 En
1423 4287 1493 4342 van
1506 4267 1640 4347 Woet*

455 4381 516 4436 en
534 4381 554 4433 a
573 4409 591 4434 ..
611 4379 714 4455 ¹300·

1055 4475 1115 4608 §s
1135 4498 1164 4576 l
1587 4485 1640 4579 ln:
