4660 5840
699 640 781 744 106
864 601 1384 732 dunestanus
1443 639 1719 744 susan

697 824 937 902 procuratoris
952 822 1397 922 aggregatis,petfeslaque
1403 831 1589 924 juramenti
1604 837 1774 933 formula,
1786 853 1888 943 quod

697 926 736 996 iu
751 923 928 996 communi
950 915 1044 991 diuo
1060 918 1249 995 Cnuouo
1267 918 1357 1016 Regi
1373 948 1470 1000 etant
1489 932 1699 1023 praestituri,
1725 939 1887 1038 Populus

698 1014 896 1100 universus,
921 1015 1098 1086 denudato
1109 1012 1271 1108 cuiusque
1289 1020 1422 1112 capite,
1448 1025 1652 1123 duobusque
1667 1035 1786 1130 digitis
1805 1040 1887 1114 dero

700 1134 787 1189 terae
808 1132 928 1183 manus
955 1105 1083 1180 sursum
1109 1109 1253 1192 creetis,
1290 1112 1391 1206 juxta
1416 1139 1547 1194 morem
1575 1127 1636 1219 qui
1662 1129 1892 1224 jurejurando

701 1209 789 1283 inibi
812 1206 1034 1287 observatur,
1066 1201 1218 1278 solemne
1240 1209 1469 1298 juramentum
1494 1221 1747 1310 praestiterunt,
1774 1225 1812 1301 ἀ
1834 1233 1891 1302 vi·

701 1303 806 1380 eillrm
825 1299 936 1373 dislus
957 1298 1166 1374 Procurator
1185 1299 1291 1395 ipsius
1314 1301 1493 1379 Cnnour
1513 1311 1617 1408 Regis
1641 1322 1799 1409 nomine,
1824 1326 1893 1398 ho·

702 1396 818 1481 nelle,
842 1397 1000 1489 beneque
1017 1395 1183 1478 uastare,
1208 1397 1302 1468 &ab
1328 1400 1567 1494 ingruentibus
1585 1415 1683 1486 malis
1700 1415 1736 1487 δι
1753 1419 1890 1509 pericu·

703 1495 747 1569 lis
774 1511 981 1586 protegere,
1011 1491 1049 1563 δι
1070 1491 1177 1575 tueri,
1202 1513 1243 1564 ac
1269 1493 1304 1562 in
1330 1497 1488 1569 omnibus
1511 1501 1618 1588 boni,
1640 1512 1894 1609 clementisque

705 1587 854 1663 Domini
877 1583 993 1657 officio
1020 1583 1140 1678 fungi,
1176 1584 1330 1678 promisit
1356 1587 1393 1660 δι
1419 1591 1462 1662 ad
1487 1617 1526 1666 ea
1556 1599 1768 1679 observanda
1793 1608 1888 1699 jure·

700 1683 848 1780 jurando
864 1678 898 1752 se
907 1677 1074 1751 astrinxit.
1100 1677 1193 1772 Quae
1211 1685 1325 1754 omnia
1341 1704 1409 1754 tam
1428 1687 1756 1782 Hemt'tusEleElus,
1782 1727 1891 1795 quarn

706 1776 872 1872 Capitula
887 1771 1385 1868 praefati,praeponifecerunt
1402 1779 1437 1850 in
1455 1783 1654 1859 consistorio
1673 1789 1812 1883 nostro,
1829 1821 1889 1871 co-

705 1893 779 1945 ram
796 1868 914 1942 Nobis
932 1888 1115 1961 petentes,
1139 1890 1199 1953 ea,
1224 1891 1263 1941 ut
1282 1869 1457 1944 stabiliora
1471 1872 1534 1949 fint
1545 1903 1586 1954 ac
1600 1887 1680 1976 plus
1696 1889 1832 1980 roboris
1849 1890 1893 1964 dt

704 1965 878 2040 firmitatis
902 1965 1118 2049 obtineant,
1147 1963 1348 2056 Apostolica
1380 1967 1583 2048 austoritate
1607 1983 1817 2074 approbari,
1849 1988 1890 2062 δι

705 2058 922 2139 confirmati,
932 2080 974 2130 ac
984 2057 1028 2130 de
1039 2079 1133 2129 nouo
1143 2059 1301 2164 concedi.
1325 2057 1364 2130 N
1373 2082 1421 2134 os
1445 2078 1769 2159 tornumhab'na
1784 2079 1819 2152 su
1849 2107 1894 2154 er

703 2157 760 2228 bis
778 2177 857 2228 cum
877 2152 1136 2224 venerabilibus
1158 2151 1323 2226 fratribus
1341 2155 1462 2230 nostris
1480 2159 1614 2240 Saneiae
1634 2169 1802 2246 Romanae
1817 2103 1891 2249 sc·

653 2295 657 2306 .
707 2248 817 2324 olefiae
846 2247 1090 2321 Cardinalibus
1125 2269 1258 2320 matura
1288 2249 1561 2346 deliberatione,
1598 2260 1636 2332 δι
1666 2266 1891 2358 discuffione,

706 2341 870 2418 Eleslum
898 2342 935 2414 dt
966 2337 1152 2436 singulares
1178 2340 1340 2435 personas
1369 2344 1616 2439 Capitulorum-
1647 2358 1889 2454 hujusmodis

707 2437 893 2534 quibusvis
914 2438 1310 2523 excommunicationis,
1343 2436 1600 2535 suspensionis,
1631 2454 1669 2528 dt
1693 2459 1894 2543 interdisli,

708 2531 850 2626 aliisque
869 2528 1116 2605 Ecclesiasticis
1139 2529 1335 2622 sententiis,
1359 2535 1532 2627 censuris,
1558 2545 1594 2618 ὅ(
1615 2552 1746 2641 poenis,
1772 2576 1792 2626 a
1810 2552 1899 2648 jure

707 2630 766 2704 vel
781 2627 824 2700 ab
840 2625 980 2698 homine
996 2627 1119 2721 quavis
1129 2625 1311 2702 occasione
1323 2634 1379 2702 vel
1392 2633 1491 2714 causa
1501 2637 1596 2726 latis,
1623 2641 1647 2713 st
1664 2647 1788 2736 quibus
1805 2674 1894 2744 quo·¹

709 2721 904 2797 modolibet
926 2720 1087 2794 innodati
1111 2719 1275 2810 existant,
1309 2726 1352 2796 ad
1377 2723 1538 2802 effessum
1562 2736 1780 2828 praesentium
1804 2747 1890 2817 dun.

710 2838 806 2892 taxat
831 2813 1142 2908 consequendum,
1173 2818 1296 2889 harum
1316 2817 1403 2893 serie
1422 2821 1640 2902 absolventes
1664 2834 1699 2906 &
1718 2835 1892 2912 absolutos

710 2912 788 2986 fore
812 2908 1009 2991 censentes,
1042 2910 1087 2984 de
1110 2915 1298 2984 eorundem
1325 2912 1469 2987 fratrum
1496 2921 1639 2998 consilio
1665 2927 1767 3002 &ex
1797 2955 1891 3008 certa

709 3005 873 3093 scientia,
906 3026 948 3077 ac
973 3005 1018 3078 de
1042 3002 1460 3099 Apostolicae·Potestatis
1484 3018 1727 3105 plenitudine,
1752 3025 1897 3099 transsu-

711 3105 844 3178 sionem
874 3101 1073 3194 temporalis
1091 3096 1369 3267 1lurisdistionis,
1405 3104 1591 3198 Civitatis,
1633 3115 1829 3194 Castrorum
1851 3125 1891 3197 ’δι

712 3196 967 3293 oppidorum,
997 3214 1067 3268 tam
1119 3195 1216 3268 atriae
1237 3197 1524 3294 Transylsellanae
1548 3205 1753 3311 superioris,
1788 3241 1897 3313 quam·

710 3287 839 3367 Patriae
862 3288 1088 3384 Trajeuesns
1111 3287 1305 3377 inferioris,
1329 3315 1370 3365 ac
1390 3299 1536 3370 aliorum
1554 3303 1684 3396 jurium
1709 3312 1899 3404 prediolo·

711 3411 811 3472 mm,
836 3387 873 3456 in
895 3385 1004 3479 ipsum
1029 3385 1255 3460 Cnrrorurt
1285 3386 1437 3484 Regem,
1460 3409 1622 3488 tanquam
1646 3399 1786 3479 Ducem
1809 3409 1897 3484 Bra.

711 3483 838 3558 bautiae
857 3479 1084 3553 &Comitem
1110 3479 1330 3569 Hollandiae,
1355 3507 1395 3556 ac
1416 3487 1554 3560 illorum
1580 3493 1824 3590 donationem,
1848 3524 1899 3579 ac

710 3578 780 3648 alia
804 3597 870 3668 per
895 3575 1042 3644 eundem
1068 3574 1237 3646 Henrr'cunr
1263 3575 1444 3665 Elestum,
1472 3585 1516 3656 de
1536 3589 1724 3664 eorundem
1744 3597 1890 3690 Capitu-

710 3671 826 3745 torum
848 3663 1014 3739 consensu
1026 3664 1135 3753 sassa,
1160 3668 1366 3746 au-uoritate
1385 3675 1588 3768 Apostolica
1605 3700 1726 3759 tenore
1744 3688 1895 3784 praesen·

711 3763 801 3838 tium
818 3759 1054 3857 approbamus
1072 3758 1109 3834 &
1123 3762 1378 3840 confirmamus.
1427 3769 1662 3866 Praeterquam
1684 3785 1800 3874 quoad
1819 3787 1895 3858 cas·

709 3855 877 3932 sationem
930 3853 1077 3929 enlionis
1100 3857 1137 3928 in
1162 3879 1324 3932 eventum
1353 3864 1492 3936 unionis
1522 3869 1654 3944 mensa·
1672 3874 1891 3975 Episcopalis

711 3877 943 4052 Trajeetenls
961 3951 1032 4046 (9)
1051 3951 1297 4028 beneficiorum
1308 3955 1627 4067 Ecclebasticorum
1642 3971 1770 4050 valoris
1787 3977 1891 4052 diuae

1807 4096 1904 4168 pen·-

751 4231 816 4321 (9)
836 4233 950 4322 Mensa
972 4231 1154 4322 Episcopolr'r
1172 4235 1374 4324 Trajel‘lenfir.
1404 4241 1480 4328 Lep
1505 4245 1556 4313 ius
1578 4246 1627 4314 ita
1652 4267 1806 4336 quoque,
1832 4256 1898 4325 sed

711 4327 785 4388 uon
798 4318 906 4392 reste.
943 4317 1038 4406 Lege
1053 4321 1105 4395 uti
1119 4323 1327 4409 apudv,de
1340 4325 1404 4398 W,
1486 4327 1692 4416 aepiscopus
1704 4335 1900 4427 Trajeeletfi..
