<?xml version="1.0" encoding="UTF-8"?>
<!DOCTYPE html PUBLIC "-//W3C//DTD XHTML 1.0 Transitional//EN"
    "http://www.w3.org/TR/xhtml1/DTD/xhtml1-transitional.dtd">
<html xmlns="http://www.w3.org/1999/xhtml" xml:lang="en" lang="en">
 <head>
  <title>
</title>
<meta http-equiv="Content-Type" content="text/html;charset=utf-8" />
  <meta name='ocr-system' content='tesseract 3.04.00' />
  <meta name='ocr-capabilities' content='ocr_page ocr_carea ocr_par ocr_line ocrx_word'/>
</head>
<body>
  <div class='ocr_page' id='page_1' title='image "./vitavigliiabayt00taxigoog_0025.png"; bbox 0 0 4756 5860; ppageno 0'>
   <div class='ocr_carea' id='block_1_1' title="bbox 738 677 1810 818">
    <p class='ocr_par' dir='ltr' id='par_1_1' title="bbox 738 643 1810 818">
     <span class='ocr_line' id='line_1_1' title="bbox 738 677 1810 818; baseline 0.002 -38"><span class='ocrx_word' id='word_1_1' title='bbox 738 687 793 808; x_wconf 78' lang='lat'>14·</span> <span class='ocrx_word' id='word_1_2' title='bbox 894 677 1430 818; x_wconf 70' lang='lat' dir='ltr'>Tuscana-us</span> <span class='ocrx_word' id='word_1_3' title='bbox 1486 686 1810 790; x_wconf 78' lang='lat' dir='ltr'>sunan.</span> 
     </span>
    </p>
   </div>
   <div class='ocr_carea' id='block_1_2' title="bbox 734 853 1924 962">
    <p class='ocr_par' dir='ltr' id='par_1_2' title="bbox 734 853 1924 962">
     <span class='ocr_line' id='line_1_2' title="bbox 734 853 1924 962; baseline 0.003 -27"><span class='ocrx_word' id='word_1_4' title='bbox 734 857 825 939; x_wconf 79' lang='lat' dir='ltr'>ende</span> <span class='ocrx_word' id='word_1_5' title='bbox 840 857 982 937; x_wconf 81' lang='lat' dir='ltr'>consent</span> <span class='ocrx_word' id='word_1_6' title='bbox 998 876 1068 932; x_wconf 84' lang='lat' dir='ltr'>van</span> <span class='ocrx_word' id='word_1_7' title='bbox 1083 858 1129 933; x_wconf 84' lang='lat' dir='ltr'>de</span> <span class='ocrx_word' id='word_1_8' title='bbox 1142 855 1278 934; x_wconf 81' lang='lat' dir='ltr'>voorsz.</span> <span class='ocrx_word' id='word_1_9' title='bbox 1292 857 1341 932; x_wconf 76' lang='lat' dir='ltr'>ll.</span> <span class='ocrx_word' id='word_1_10' title='bbox 1352 857 1420 933; x_wconf 67' lang='lat' dir='ltr'>Mi</span> <span class='ocrx_word' id='word_1_11' title='bbox 1435 853 1492 934; x_wconf 84' lang='lat' dir='ltr'>ost</span> <span class='ocrx_word' id='word_1_12' title='bbox 1504 882 1622 958; x_wconf 85' lang='lat' dir='ltr'>zyneo</span> <span class='ocrx_word' id='word_1_13' title='bbox 1638 857 1759 935; x_wconf 86' lang='lat' dir='ltr'>Erven</span> <span class='ocrx_word' id='word_1_14' title='bbox 1777 862 1815 940; x_wconf 91' lang='lat' dir='ltr'>in</span> <span class='ocrx_word' id='word_1_15' title='bbox 1830 883 1924 962; x_wconf 81' lang='lat' dir='ltr'>zyne</span> 
     </span>
    </p>
   </div>
   <div class='ocr_carea' id='block_1_3' title="bbox 489 953 1926 1538">
    <p class='ocr_par' dir='ltr' id='par_1_3' title="bbox 728 953 1924 1054">
     <span class='ocr_line' id='line_1_3' title="bbox 728 953 1924 1054; baseline 0.002 -21"><span class='ocrx_word' id='word_1_16' title='bbox 728 953 863 1034; x_wconf 83' lang='lat' dir='ltr'>landen</span> <span class='ocrx_word' id='word_1_17' title='bbox 882 979 949 1030; x_wconf 86' lang='lat' dir='ltr'>van</span> <span class='ocrx_word' id='word_1_18' title='bbox 970 954 1159 1030; x_wconf 85' lang='lat' dir='ltr'>berwaerts</span> <span class='ocrx_word' id='word_1_19' title='bbox 1174 976 1279 1043; x_wconf 88' lang='lat' dir='ltr'>over,</span> <span class='ocrx_word' id='word_1_20' title='bbox 1290 978 1385 1032; x_wconf 86' lang='lat' dir='ltr'>maer</span> <span class='ocrx_word' id='word_1_21' title='bbox 1396 955 1457 1028; x_wconf 89' lang='lat' dir='ltr'>dat</span> <span class='ocrx_word' id='word_1_22' title='bbox 1470 979 1536 1054; x_wconf 85' lang='lat' dir='ltr'>wy</span> <span class='ocrx_word' id='word_1_23' title='bbox 1552 978 1643 1032; x_wconf 85' lang='lat' dir='ltr'>onze</span> <span class='ocrx_word' id='word_1_24' title='bbox 1657 955 1794 1036; x_wconf 83' lang='lat' dir='ltr'>voorsz.</span> <span class='ocrx_word' id='word_1_25' title='bbox 1814 960 1924 1036; x_wconf 86' lang='lat' dir='ltr'>Kere-</span> 
     </span>
    </p>

    <p class='ocr_par' dir='ltr' id='par_1_4' title="bbox 727 1047 1926 1148">
     <span class='ocr_line' id='line_1_4' title="bbox 727 1047 1926 1148; baseline 0.004 -22"><span class='ocrx_word' id='word_1_26' title='bbox 727 1055 802 1140; x_wconf 77' lang='lat' dir='ltr'>ile,</span> <span class='ocrx_word' id='word_1_27' title='bbox 826 1051 992 1125; x_wconf 87' lang='lat' dir='ltr'>Bisdoem</span> <span class='ocrx_word' id='word_1_28' title='bbox 1017 1049 1106 1124; x_wconf 88' lang='lat' dir='ltr'>ende</span> <span class='ocrx_word' id='word_1_29' title='bbox 1126 1051 1246 1146; x_wconf 86' lang='lat' dir='ltr'>beyde</span> <span class='ocrx_word' id='word_1_30' title='bbox 1264 1052 1334 1127; x_wconf 89' lang='lat' dir='ltr'>den</span> <span class='ocrx_word' id='word_1_31' title='bbox 1351 1047 1544 1148; x_wconf 84' lang='lat' dir='ltr'>gestichten</span> <span class='ocrx_word' id='word_1_32' title='bbox 1559 1074 1629 1128; x_wconf 89' lang='lat' dir='ltr'>van</span> <span class='ocrx_word' id='word_1_33' title='bbox 1639 1052 1792 1130; x_wconf 86' lang='lat' dir='ltr'>Utrccht</span> <span class='ocrx_word' id='word_1_34' title='bbox 1803 1091 1825 1142; x_wconf 90' lang='lat'>,·</span> <span class='ocrx_word' id='word_1_35' title='bbox 1839 1077 1926 1131; x_wconf 87' lang='lat' dir='ltr'>mct-</span> 
     </span>
    </p>

    <p class='ocr_par' dir='ltr' id='par_1_5' title="bbox 580 1145 1926 1344">
     <span class='ocr_line' id='line_1_5' title="bbox 580 1145 1926 1243; baseline 0.007 -22"><span class='ocrx_word' id='word_1_36' title='bbox 580 1149 586 1160; x_wconf 90' lang='lat'>&#39;</span> <span class='ocrx_word' id='word_1_37' title='bbox 730 1168 796 1222; x_wconf 80' lang='lat' dir='ltr'>teu</span> <span class='ocrx_word' id='word_1_38' title='bbox 823 1146 1066 1222; x_wconf 88' lang='lat' dir='ltr'>toebehoirten</span> <span class='ocrx_word' id='word_1_39' title='bbox 1087 1169 1156 1222; x_wconf 87' lang='lat' dir='ltr'>van</span> <span class='ocrx_word' id='word_1_40' title='bbox 1181 1147 1283 1235; x_wconf 87' lang='lat' dir='ltr'>dien,</span> <span class='ocrx_word' id='word_1_41' title='bbox 1309 1169 1365 1222; x_wconf 93' lang='lat' dir='ltr'>tot</span> <span class='ocrx_word' id='word_1_42' title='bbox 1389 1150 1616 1243; x_wconf 85' lang='lat' dir='ltr'>vermaninge</span> <span class='ocrx_word' id='word_1_43' title='bbox 1636 1145 1724 1224; x_wconf 86' lang='lat' dir='ltr'>ende</span> <span class='ocrx_word' id='word_1_44' title='bbox 1748 1154 1926 1230; x_wconf 80' lang='lat' dir='ltr'>verzoeclr</span> 
     </span>
     <span class='ocr_line' id='line_1_6' title="bbox 735 1239 1926 1344; baseline 0.003 -26"><span class='ocrx_word' id='word_1_45' title='bbox 735 1245 851 1318; x_wconf 84' lang='lat' dir='ltr'><strong>vande</strong></span> <span class='ocrx_word' id='word_1_46' title='bbox 872 1239 1005 1316; x_wconf 87' lang='lat' dir='ltr'>voorsz.</span> <span class='ocrx_word' id='word_1_47' title='bbox 1028 1239 1072 1313; x_wconf 89' lang='lat' dir='ltr'>K.</span> <span class='ocrx_word' id='word_1_48' title='bbox 1089 1244 1155 1316; x_wconf 64' lang='lat' dir='ltr'>Mt.</span> <span class='ocrx_word' id='word_1_49' title='bbox 1175 1241 1229 1318; x_wconf 88' lang='lat' dir='ltr'>ost</span> <span class='ocrx_word' id='word_1_50' title='bbox 1243 1241 1404 1340; x_wconf 78' lang='lat' dir='ltr'>syncM‘.</span> <span class='ocrx_word' id='word_1_51' title='bbox 1423 1241 1563 1334; x_wconf 87' lang='lat' dir='ltr'>Erven,</span> <span class='ocrx_word' id='word_1_52' title='bbox 1587 1247 1700 1321; x_wconf 82' lang='lat' dir='ltr'>lacten</span> <span class='ocrx_word' id='word_1_53' title='bbox 1716 1245 1926 1344; x_wconf 85' lang='lat' dir='ltr'>transporte-</span> 
     </span>
    </p>

    <p class='ocr_par' dir='ltr' id='par_1_6' title="bbox 489 1336 1925 1538">
     <span class='ocr_line' id='line_1_7' title="bbox 489 1336 1925 1432; baseline 0.005 -19"><span class='ocrx_word' id='word_1_54' title='bbox 489 1423 494 1430; x_wconf 53' lang='grc'><em>,</em></span> <span class='ocrx_word' id='word_1_55' title='bbox 735 1361 799 1414; x_wconf 86' lang='lat' dir='ltr'>ren</span> <span class='ocrx_word' id='word_1_56' title='bbox 825 1337 914 1412; x_wconf 89' lang='lat' dir='ltr'>ende</span> <span class='ocrx_word' id='word_1_57' title='bbox 937 1359 1138 1432; x_wconf 84' lang='lat' dir='ltr'>overgeven</span> <span class='ocrx_word' id='word_1_58' title='bbox 1163 1337 1295 1425; x_wconf 80' lang='lat' dir='ltr'>fiallen,</span> <span class='ocrx_word' id='word_1_59' title='bbox 1318 1360 1374 1413; x_wconf 90' lang='lat' dir='ltr'>tot</span> <span class='ocrx_word' id='word_1_60' title='bbox 1388 1336 1535 1413; x_wconf 88' lang='lat' dir='ltr'>behoeff</span> <span class='ocrx_word' id='word_1_61' title='bbox 1544 1363 1613 1414; x_wconf 85' lang='lat' dir='ltr'>van</span> <span class='ocrx_word' id='word_1_62' title='bbox 1629 1338 1804 1416; x_wconf 87' lang='lat' dir='ltr'>alsulckeo</span> <span class='ocrx_word' id='word_1_63' title='bbox 1825 1364 1925 1421; x_wconf 79' lang='lat' dir='ltr'>nota·</span> 
     </span>
     <span class='ocr_line' id='line_1_8' title="bbox 592 1431 1925 1538; baseline 0.005 -28"><span class='ocrx_word' id='word_1_64' title='bbox 592 1481 595 1488; x_wconf 69' lang='lat'>,</span> <span class='ocrx_word' id='word_1_65' title='bbox 730 1434 839 1526; x_wconf 85' lang='lat' dir='ltr'>bleu,</span> <span class='ocrx_word' id='word_1_66' title='bbox 863 1431 1047 1530; x_wconf 85' lang='lat' dir='ltr'>eerlyckeu</span> <span class='ocrx_word' id='word_1_67' title='bbox 1063 1435 1290 1534; x_wconf 83' lang='lat' dir='ltr'>personagie,</span> <span class='ocrx_word' id='word_1_68' title='bbox 1314 1438 1442 1511; x_wconf 75' lang='lat' dir='ltr'>alsone</span> <span class='ocrx_word' id='word_1_69' title='bbox 1458 1436 1541 1511; x_wconf 86' lang='lat' dir='ltr'>daer</span> <span class='ocrx_word' id='word_1_70' title='bbox 1557 1453 1616 1510; x_wconf 89' lang='lat' dir='ltr'>toe</span> <span class='ocrx_word' id='word_1_71' title='bbox 1634 1459 1703 1514; x_wconf 86' lang='lat' dir='ltr'>van</span> <span class='ocrx_word' id='word_1_72' title='bbox 1720 1461 1846 1538; x_wconf 80' lang='lat' dir='ltr'>wegen</span> <span class='ocrx_word' id='word_1_73' title='bbox 1862 1442 1925 1518; x_wconf 83' lang='lat' dir='ltr'>der</span> 
     </span>
    </p>
   </div>
   <div class='ocr_carea' id='block_1_4' title="bbox 1786 1535 1980 1614">
    <p class='ocr_par' dir='ltr' id='par_1_7' title="bbox 1786 1535 1980 1614">
     <span class='ocr_line' id='line_1_9' title="bbox 1786 1535 1980 1614; baseline -0.01 -2"><span class='ocrx_word' id='word_1_74' title='bbox 1786 1535 1925 1614; x_wconf 84' lang='lat' dir='ltr'>voorsz.</span> <span class='ocrx_word' id='word_1_75' title='bbox 1974 1567 1980 1580; x_wconf 93' lang='lat'><strong>·</strong></span> 
     </span>
    </p>
   </div>
   <div class='ocr_carea' id='block_1_5' title="bbox 567 1720 1934 3640">
    <p class='ocr_par' dir='ltr' id='par_1_8' title="bbox 567 1720 1934 3640">
     <span class='ocr_line' id='line_1_10' title="bbox 732 1720 1926 1817; baseline 0.002 -25"><span class='ocrx_word' id='word_1_76' title='bbox 732 1734 827 1812; x_wconf 71' lang='lat' dir='ltr'>pois.</span> <span class='ocrx_word' id='word_1_77' title='bbox 861 1725 959 1810; x_wconf 76' lang='lat' dir='ltr'>corps</span> <span class='ocrx_word' id='word_1_78' title='bbox 979 1723 1218 1810; x_wconf 82' lang='lat' dir='ltr'>Dipsomatique.</span> <span class='ocrx_word' id='word_1_79' title='bbox 1248 1720 1424 1805; x_wconf 90' lang='lat' dir='ltr'>Nuspiam.</span> <span class='ocrx_word' id='word_1_80' title='bbox 1465 1721 1545 1817; x_wconf 77' lang='lat' dir='ltr'>Nec</span> <span class='ocrx_word' id='word_1_81' title='bbox 1571 1723 1615 1790; x_wconf 92' lang='lat' dir='ltr'>de</span> <span class='ocrx_word' id='word_1_82' title='bbox 1634 1741 1677 1791; x_wconf 91' lang='lat' dir='ltr'>eo</span> <span class='ocrx_word' id='word_1_83' title='bbox 1694 1725 1926 1796; x_wconf 85' lang='lat' dir='ltr'>meminerunt</span> 
     </span>
     <span class='ocr_line' id='line_1_11' title="bbox 739 1805 1925 1877; baseline 0.002 -2"><span class='ocrx_word' id='word_1_84' title='bbox 739 1810 805 1876; x_wconf 87' lang='lat' dir='ltr'>sori</span> <span class='ocrx_word' id='word_1_85' title='bbox 831 1823 924 1877; x_wconf 86' lang='lat' dir='ltr'>tores</span> <span class='ocrx_word' id='word_1_86' title='bbox 945 1825 1077 1876; x_wconf 85' lang='lat' dir='ltr'>omnes.</span> <span class='ocrx_word' id='word_1_87' title='bbox 1107 1806 1424 1872; x_wconf 86' lang='lat' dir='ltr'>PontusHeuterus</span> <span class='ocrx_word' id='word_1_88' title='bbox 1445 1806 1540 1872; x_wconf 85' lang='lat' dir='ltr'>nrlril.</span> <span class='ocrx_word' id='word_1_89' title='bbox 1581 1805 1815 1876; x_wconf 89' lang='lat' dir='ltr'>Memineruut</span> <span class='ocrx_word' id='word_1_90' title='bbox 1831 1809 1925 1877; x_wconf 92' lang='lat' dir='ltr'>Hor-</span> 
     </span>
     <span class='ocr_line' id='line_1_12' title="bbox 741 1829 1925 1970; baseline 0.003 -12"><span class='ocrx_word' id='word_1_91' title='bbox 741 1829 883 1968; x_wconf 56' lang='lat' dir='ltr'>tensus,</span> <span class='ocrx_word' id='word_1_92' title='bbox 906 1891 1103 1966; x_wconf 82' lang='lat' dir='ltr'><strong>Pomanus,</strong></span> <span class='ocrx_word' id='word_1_93' title='bbox 1124 1887 1269 1966; x_wconf 87' lang='lat' dir='ltr'>Revius,</span> <span class='ocrx_word' id='word_1_94' title='bbox 1296 1890 1354 1970; x_wconf 91' lang='lat' dir='ltr'>qui</span> <span class='ocrx_word' id='word_1_95' title='bbox 1373 1887 1512 1956; x_wconf 88' lang='lat' dir='ltr'>ultimus</span> <span class='ocrx_word' id='word_1_96' title='bbox 1528 1889 1564 1951; x_wconf 94' lang='lat' dir='ltr'>in</span> <span class='ocrx_word' id='word_1_97' title='bbox 1578 1887 1665 1954; x_wconf 86' lang='lat' dir='ltr'>Hist.</span> <span class='ocrx_word' id='word_1_98' title='bbox 1682 1889 1925 1962; x_wconf 83' lang='lat' dir='ltr'>Daventriens.</span> 
     </span>
     <span class='ocr_line' id='line_1_13' title="bbox 567 1970 1926 2060; baseline 0.005 -24"><span class='ocrx_word' id='word_1_99' title='bbox 567 1979 591 2022; x_wconf 64' lang='lat'>⁴³</span> <span class='ocrx_word' id='word_1_100' title='bbox 610 1971 684 2036; x_wconf 84' lang='lat' dir='ltr'>Gel·</span> <span class='ocrx_word' id='word_1_101' title='bbox 728 1977 800 2060; x_wconf 65' lang='lat' dir='ltr'>ulib.</span> <span class='ocrx_word' id='word_1_102' title='bbox 821 1993 852 2056; x_wconf 77' lang='lat'>3.</span> <span class='ocrx_word' id='word_1_103' title='bbox 867 1993 944 2060; x_wconf 79' lang='lat' dir='ltr'>pag.</span> <span class='ocrx_word' id='word_1_104' title='bbox 961 1991 1034 2056; x_wconf 81' lang='lat'>243.</span> <span class='ocrx_word' id='word_1_105' title='bbox 1048 1974 1112 2039; x_wconf 87' lang='lat' dir='ltr'>ita:</span> <span class='ocrx_word' id='word_1_106' title='bbox 1135 2011 1158 2046; x_wconf 88' lang='lat'><strong>„</strong></span> <span class='ocrx_word' id='word_1_107' title='bbox 1176 1970 1362 2054; x_wconf 84' lang='lat' dir='ltr'><strong>Episcopus</strong></span> <span class='ocrx_word' id='word_1_108' title='bbox 1379 1971 1654 2037; x_wconf 86' lang='lat' dir='ltr'>animadvertens</span> <span class='ocrx_word' id='word_1_109' title='bbox 1666 1971 1834 2040; x_wconf 75' lang='lat' dir='ltr'>Duci*in</span> <span class='ocrx_word' id='word_1_110' title='bbox 1852 1981 1926 2044; x_wconf 87' lang='lat' dir='ltr'>ani·</span> 
     </span>
     <span class='ocr_line' id='line_1_14' title="bbox 573 2053 1925 2146; baseline 0.003 -23"><span class='ocrx_word' id='word_1_111' title='bbox 573 2059 660 2123; x_wconf 76' lang='lat' dir='ltr'>drlae,</span> <span class='ocrx_word' id='word_1_112' title='bbox 744 2099 768 2136; x_wconf 66' lang='grc' dir='ltr'>ι,</span> <span class='ocrx_word' id='word_1_113' title='bbox 785 2075 843 2126; x_wconf 90' lang='lat' dir='ltr'>mo</span> <span class='ocrx_word' id='word_1_114' title='bbox 862 2058 945 2132; x_wconf 87' lang='lat' dir='ltr'>esse,</span> <span class='ocrx_word' id='word_1_115' title='bbox 966 2068 1006 2123; x_wconf 91' lang='lat' dir='ltr'>ut</span> <span class='ocrx_word' id='word_1_116' title='bbox 1030 2055 1097 2124; x_wconf 87' lang='lat' dir='ltr'>sese</span> <span class='ocrx_word' id='word_1_117' title='bbox 1117 2053 1326 2138; x_wconf 84' lang='lat' dir='ltr'>Episcopatu</span> <span class='ocrx_word' id='word_1_118' title='bbox 1350 2055 1522 2136; x_wconf 87' lang='lat' dir='ltr'>privaret,</span> <span class='ocrx_word' id='word_1_119' title='bbox 1552 2070 1593 2120; x_wconf 93' lang='lat' dir='ltr'>ac</span> <span class='ocrx_word' id='word_1_120' title='bbox 1618 2053 1748 2121; x_wconf 90' lang='lat' dir='ltr'>nudum</span> <span class='ocrx_word' id='word_1_121' title='bbox 1774 2055 1833 2124; x_wconf 87' lang='lat' dir='ltr'>libi</span> <span class='ocrx_word' id='word_1_122' title='bbox 1851 2061 1925 2146; x_wconf 89' lang='lat' dir='ltr'>ejus</span> 
     </span>
     <span class='ocr_line' id='line_1_15' title="bbox 567 2133 1927 2226; baseline 0.002 -19"><span class='ocrx_word' id='word_1_123' title='bbox 567 2133 677 2196; x_wconf 60' lang='lat'>80&#39;010·</span> <span class='ocrx_word' id='word_1_124' title='bbox 743 2181 768 2219; x_wconf 88' lang='lat'>,‚</span> <span class='ocrx_word' id='word_1_125' title='bbox 785 2159 912 2208; x_wconf 91' lang='lat' dir='ltr'>nomen</span> <span class='ocrx_word' id='word_1_126' title='bbox 933 2140 1159 2222; x_wconf 85' lang='lat' dir='ltr'>relinqueret,</span> <span class='ocrx_word' id='word_1_127' title='bbox 1179 2154 1260 2206; x_wconf 91' lang='lat' dir='ltr'>cum</span> <span class='ocrx_word' id='word_1_128' title='bbox 1276 2136 1426 2219; x_wconf 87' lang='lat' dir='ltr'>undique</span> <span class='ocrx_word' id='word_1_129' title='bbox 1441 2137 1476 2203; x_wconf 88' lang='lat' dir='ltr'>se</span> <span class='ocrx_word' id='word_1_130' title='bbox 1493 2138 1529 2201; x_wconf 89' lang='lat' dir='ltr'>in</span> <span class='ocrx_word' id='word_1_131' title='bbox 1548 2153 1605 2204; x_wconf 86' lang='lat' dir='ltr'>eas</span> <span class='ocrx_word' id='word_1_132' title='bbox 1621 2139 1789 2222; x_wconf 86' lang='lat' dir='ltr'>angustias</span> <span class='ocrx_word' id='word_1_133' title='bbox 1802 2145 1927 2226; x_wconf 85' lang='lat' dir='ltr'>praeci·</span> 
     </span>
     <span class='ocr_line' id='line_1_16' title="bbox 741 2220 1927 2310; baseline 0.003 -19"><span class='ocrx_word' id='word_1_134' title='bbox 741 2266 767 2302; x_wconf 84' lang='lat'>‚,</span> <span class='ocrx_word' id='word_1_135' title='bbox 784 2228 931 2310; x_wconf 91' lang='lat' dir='ltr'>pitatum</span> <span class='ocrx_word' id='word_1_136' title='bbox 953 2223 1110 2300; x_wconf 89' lang='lat' dir='ltr'>videret,</span> <span class='ocrx_word' id='word_1_137' title='bbox 1132 2235 1171 2287; x_wconf 92' lang='lat' dir='ltr'>ut</span> <span class='ocrx_word' id='word_1_138' title='bbox 1186 2222 1299 2288; x_wconf 84' lang='lat' dir='ltr'>nullus</span> <span class='ocrx_word' id='word_1_139' title='bbox 1318 2235 1456 2303; x_wconf 90' lang='lat' dir='ltr'>pateret</span> <span class='ocrx_word' id='word_1_140' title='bbox 1473 2221 1604 2296; x_wconf 87' lang='lat' dir='ltr'>exitus,</span> <span class='ocrx_word' id='word_1_141' title='bbox 1623 2220 1821 2290; x_wconf 87' lang='lat' dir='ltr'>clanculum</span> <span class='ocrx_word' id='word_1_142' title='bbox 1841 2227 1927 2296; x_wconf 83' lang='lat' dir='ltr'>misit</span> 
     </span>
     <span class='ocr_line' id='line_1_17' title="bbox 741 2302 1928 2387; baseline 0.001 -11"><span class='ocrx_word' id='word_1_143' title='bbox 741 2350 767 2387; x_wconf 91' lang='lat'><strong>„</strong></span> <span class='ocrx_word' id='word_1_144' title='bbox 784 2308 827 2376; x_wconf 84' lang='lat' dir='ltr'>ad</span> <span class='ocrx_word' id='word_1_145' title='bbox 847 2309 892 2374; x_wconf 89' lang='lat' dir='ltr'>D.</span> <span class='ocrx_word' id='word_1_146' title='bbox 911 2306 1092 2372; x_wconf 77' lang='lat' dir='ltr'>Florentium</span> <span class='ocrx_word' id='word_1_147' title='bbox 1107 2305 1142 2370; x_wconf 75' lang='lat' dir='ltr'>de</span> <span class='ocrx_word' id='word_1_148' title='bbox 1162 2304 1283 2381; x_wconf 76' lang='lat' dir='ltr'>Barea,</span> <span class='ocrx_word' id='word_1_149' title='bbox 1303 2302 1404 2370; x_wconf 85' lang='lat' dir='ltr'>acab</span> <span class='ocrx_word' id='word_1_150' title='bbox 1429 2320 1472 2370; x_wconf 91' lang='lat' dir='ltr'>eo</span> <span class='ocrx_word' id='word_1_151' title='bbox 1492 2303 1613 2387; x_wconf 90' lang='lat' dir='ltr'>petiit,</span> <span class='ocrx_word' id='word_1_152' title='bbox 1633 2319 1672 2371; x_wconf 93' lang='lat' dir='ltr'>ut</span> <span class='ocrx_word' id='word_1_153' title='bbox 1690 2305 1726 2372; x_wconf 91' lang='lat' dir='ltr'>iu</span> <span class='ocrx_word' id='word_1_154' title='bbox 1749 2309 1826 2375; x_wconf 85' lang='lat' dir='ltr'>aula</span> <span class='ocrx_word' id='word_1_155' title='bbox 1843 2309 1928 2377; x_wconf 90' lang='lat' dir='ltr'>Bur-</span> 
     </span>
     <span class='ocr_line' id='line_1_18' title="bbox 740 2385 1928 2478; baseline 0.002 -20"><span class='ocrx_word' id='word_1_156' title='bbox 740 2431 768 2471; x_wconf 90' lang='lat'><strong>„</strong></span> <span class='ocrx_word' id='word_1_157' title='bbox 784 2392 932 2478; x_wconf 86' lang='lat' dir='ltr'>gundica</span> <span class='ocrx_word' id='word_1_158' title='bbox 958 2405 1097 2456; x_wconf 85' lang='lat' dir='ltr'>curaret</span> <span class='ocrx_word' id='word_1_159' title='bbox 1122 2389 1182 2454; x_wconf 81' lang='lat' dir='ltr'>sibi</span> <span class='ocrx_word' id='word_1_160' title='bbox 1208 2387 1300 2454; x_wconf 89' lang='lat' dir='ltr'>diem</span> <span class='ocrx_word' id='word_1_161' title='bbox 1352 2385 1456 2472; x_wconf 82' lang='lat' dir='ltr'>raefrgi</span> <span class='ocrx_word' id='word_1_162' title='bbox 1475 2387 1512 2451; x_wconf 91' lang='lat' dir='ltr'>in</span> <span class='ocrx_word' id='word_1_163' title='bbox 1536 2387 1748 2466; x_wconf 80' lang='lat' dir='ltr'>Hollandia,</span> <span class='ocrx_word' id='word_1_164' title='bbox 1780 2389 1928 2461; x_wconf 87' lang='lat' dir='ltr'>statuisse</span> 
     </span>
     <span class='ocr_line' id='line_1_19' title="bbox 740 2406 1926 2568; baseline -0.002 -24"><span class='ocrx_word' id='word_1_165' title='bbox 740 2518 767 2554; x_wconf 88' lang='lat'>‚,</span> <span class='ocrx_word' id='word_1_166' title='bbox 783 2476 874 2544; x_wconf 87' lang='lat' dir='ltr'>enirn</span> <span class='ocrx_word' id='word_1_167' title='bbox 891 2473 942 2551; x_wconf 90' lang='lat' dir='ltr'>se,</span> <span class='ocrx_word' id='word_1_168' title='bbox 964 2445 1210 2567; x_wconf 68' lang='lat' dir='ltr'>Episdopatum</span> <span class='ocrx_word' id='word_1_169' title='bbox 1231 2406 1417 2538; x_wconf 51' lang='lat' dir='ltr'>transferre</span> <span class='ocrx_word' id='word_1_170' title='bbox 1435 2472 1472 2536; x_wconf 91' lang='lat' dir='ltr'>in</span> <span class='ocrx_word' id='word_1_171' title='bbox 1486 2467 1678 2568; x_wconf 53' lang='lat' dir='ltr'>Cesaream</span> <span class='ocrx_word' id='word_1_172' title='bbox 1694 2471 1926 2568; x_wconf 78' lang='lat' dir='ltr'>Majestatem,</span> 
     </span>
     <span class='ocr_line' id='line_1_20' title="bbox 739 2551 1929 2644; baseline -0.002 -18"><span class='ocrx_word' id='word_1_173' title='bbox 739 2599 766 2638; x_wconf 89' lang='lat'>,‚</span> <span class='ocrx_word' id='word_1_174' title='bbox 783 2579 824 2626; x_wconf 89' lang='lat' dir='ltr'>ea</span> <span class='ocrx_word' id='word_1_175' title='bbox 837 2560 933 2644; x_wconf 85' lang='lat' dir='ltr'>lege,</span> <span class='ocrx_word' id='word_1_176' title='bbox 960 2573 1001 2622; x_wconf 92' lang='lat' dir='ltr'>ut</span> <span class='ocrx_word' id='word_1_177' title='bbox 1024 2572 1278 2642; x_wconf 80' lang='lat' dir='ltr'>quamprimum</span> <span class='ocrx_word' id='word_1_178' title='bbox 1302 2551 1465 2621; x_wconf 88' lang='lat' dir='ltr'>summam</span> <span class='ocrx_word' id='word_1_179' title='bbox 1489 2555 1637 2637; x_wconf 82' lang='lat' dir='ltr'>aliquam</span> <span class='ocrx_word' id='word_1_180' title='bbox 1663 2571 1821 2638; x_wconf 86' lang='lat' dir='ltr'>pecuntae</span> <span class='ocrx_word' id='word_1_181' title='bbox 1837 2560 1929 2626; x_wconf 89' lang='lat' dir='ltr'>obti-</span> 
     </span>
     <span class='ocr_line' id='line_1_21' title="bbox 740 2635 1928 2726; baseline -0.001 -18"><span class='ocrx_word' id='word_1_182' title='bbox 740 2683 765 2720; x_wconf 90' lang='lat'>„</span> <span class='ocrx_word' id='word_1_183' title='bbox 784 2657 901 2718; x_wconf 84' lang='lat' dir='ltr'>neret,</span> <span class='ocrx_word' id='word_1_184' title='bbox 922 2659 989 2726; x_wconf 91' lang='lat' dir='ltr'>qua</span> <span class='ocrx_word' id='word_1_185' title='bbox 1014 2641 1181 2707; x_wconf 81' lang='lat' dir='ltr'>militibus</span> <span class='ocrx_word' id='word_1_186' title='bbox 1198 2637 1421 2706; x_wconf 82' lang='lat' dir='ltr'>satisfaceret.</span> <span class='ocrx_word' id='word_1_187' title='bbox 1463 2635 1696 2704; x_wconf 87' lang='lat' dir='ltr'>Constituitur</span> <span class='ocrx_word' id='word_1_188' title='bbox 1715 2637 1789 2706; x_wconf 88' lang='lat' dir='ltr'>dies</span> <span class='ocrx_word' id='word_1_189' title='bbox 1802 2637 1928 2707; x_wconf 78' lang='lat' dir='ltr'>Srboorr·</span> 
     </span>
     <span class='ocr_line' id='line_1_22' title="bbox 741 2717 1929 2804; baseline 0.002 -14"><span class='ocrx_word' id='word_1_190' title='bbox 741 2767 768 2802; x_wconf 90' lang='lat'>„</span> <span class='ocrx_word' id='word_1_191' title='bbox 784 2729 903 2801; x_wconf 81' lang='lat' dir='ltr'>hoviae,</span> <span class='ocrx_word' id='word_1_192' title='bbox 922 2725 983 2788; x_wconf 92' lang='lat' dir='ltr'>ubi</span> <span class='ocrx_word' id='word_1_193' title='bbox 1004 2723 1180 2790; x_wconf 88' lang='lat' dir='ltr'>transsatus</span> <span class='ocrx_word' id='word_1_194' title='bbox 1197 2721 1245 2788; x_wconf 89' lang='lat' dir='ltr'>est</span> <span class='ocrx_word' id='word_1_195' title='bbox 1261 2721 1485 2804; x_wconf 81' lang='lat' dir='ltr'>Episcopatus</span> <span class='ocrx_word' id='word_1_196' title='bbox 1506 2717 1542 2785; x_wconf 77' lang='lat' dir='ltr'>da</span> <span class='ocrx_word' id='word_1_197' title='bbox 1559 2720 1702 2788; x_wconf 86' lang='lat' dir='ltr'>diocesis</span> <span class='ocrx_word' id='word_1_198' title='bbox 1721 2720 1864 2791; x_wconf 88' lang='lat' dir='ltr'>inferior</span> <span class='ocrx_word' id='word_1_199' title='bbox 1884 2725 1929 2792; x_wconf 86' lang='lat' dir='ltr'>ad</span> 
     </span>
     <span class='ocr_line' id='line_1_23' title="bbox 738 2799 1932 2888; baseline 0.001 -14"><span class='ocrx_word' id='word_1_200' title='bbox 738 2847 769 2883; x_wconf 79' lang='lat'><strong>„</strong></span> <span class='ocrx_word' id='word_1_201' title='bbox 788 2808 931 2874; x_wconf 86' lang='lat' dir='ltr'>Corolum</span> <span class='ocrx_word' id='word_1_202' title='bbox 952 2805 993 2872; x_wconf 90' lang='lat' dir='ltr'>V.</span> <span class='ocrx_word' id='word_1_203' title='bbox 1013 2807 1262 2888; x_wconf 86' lang='lat' dir='ltr'>Imperatorem</span> <span class='ocrx_word' id='word_1_204' title='bbox 1286 2817 1445 2884; x_wconf 86' lang='lat' dir='ltr'>tauquam</span> <span class='ocrx_word' id='word_1_205' title='bbox 1473 2799 1650 2867; x_wconf 88' lang='lat' dir='ltr'>Comitem</span> <span class='ocrx_word' id='word_1_206' title='bbox 1676 2803 1872 2875; x_wconf 80' lang='lat' dir='ltr'>Hollandiae</span> <span class='ocrx_word' id='word_1_207' title='bbox 1892 2808 1932 2878; x_wconf 82' lang='lat' dir='ltr'>dc</span> 
     </span>
     <span class='ocr_line' id='line_1_24' title="bbox 742 2879 1931 2978; baseline 0.003 -22"><span class='ocrx_word' id='word_1_208' title='bbox 742 2930 769 2964; x_wconf 86' lang='lat'>„</span> <span class='ocrx_word' id='word_1_209' title='bbox 786 2892 922 2956; x_wconf 83' lang='lat' dir='ltr'>Ducem</span> <span class='ocrx_word' id='word_1_210' title='bbox 934 2888 1136 2954; x_wconf 83' lang='lat' dir='ltr'>Brabantiae.</span> <span class='ocrx_word' id='word_1_211' title='bbox 1176 2883 1346 2978; x_wconf 75' lang='lat' dir='ltr'>Episcopo</span> <span class='ocrx_word' id='word_1_212' title='bbox 1364 2897 1479 2964; x_wconf 83' lang='lat' dir='ltr'>autern</span> <span class='ocrx_word' id='word_1_213' title='bbox 1498 2879 1653 2978; x_wconf 67' lang='lat' dir='ltr'>asignato</span> <span class='ocrx_word' id='word_1_214' title='bbox 1667 2885 1815 2956; x_wconf 87' lang='lat' dir='ltr'>sedecim</span> <span class='ocrx_word' id='word_1_215' title='bbox 1825 2891 1931 2959; x_wconf 86' lang='lat' dir='ltr'>millia</span> 
     </span>
     <span class='ocr_line' id='line_1_25' title="bbox 745 2963 1933 3050; baseline 0.003 -11"><span class='ocrx_word' id='word_1_216' title='bbox 745 3012 771 3046; x_wconf 84' lang='grc'>,.,</span> <span class='ocrx_word' id='word_1_217' title='bbox 789 2971 1052 3045; x_wconf 87' lang='lat' dir='ltr'>Carolinorum,</span> <span class='ocrx_word' id='word_1_218' title='bbox 1085 2983 1231 3050; x_wconf 87' lang='lat' dir='ltr'>quornm</span> <span class='ocrx_word' id='word_1_219' title='bbox 1253 2979 1454 3032; x_wconf 77' lang='lat' dir='ltr'>interventu</span> <span class='ocrx_word' id='word_1_220' title='bbox 1475 2963 1574 3030; x_wconf 77' lang='lat' dir='ltr'>militi</span> <span class='ocrx_word' id='word_1_221' title='bbox 1596 2963 1760 3050; x_wconf 81' lang='lat' dir='ltr'>strpendia</span> <span class='ocrx_word' id='word_1_222' title='bbox 1785 2971 1933 3042; x_wconf 88' lang='lat' dir='ltr'>solveret</span> 
     </span>
     <span class='ocr_line' id='line_1_26' title="bbox 746 3047 1932 3138; baseline 0.003 -16"><span class='ocrx_word' id='word_1_223' title='bbox 746 3096 772 3129; x_wconf 88' lang='lat'>„</span> <span class='ocrx_word' id='word_1_224' title='bbox 789 3055 825 3123; x_wconf 73' lang='grc' dir='ltr'>δι</span> <span class='ocrx_word' id='word_1_225' title='bbox 835 3053 959 3138; x_wconf 83' lang='lat' dir='ltr'>viginti</span> <span class='ocrx_word' id='word_1_226' title='bbox 973 3048 1252 3134; x_wconf 83' lang='lat' dir='ltr'>quinquemillia,</span> <span class='ocrx_word' id='word_1_227' title='bbox 1265 3047 1386 3130; x_wconf 90' lang='lat' dir='ltr'>quibus</span> <span class='ocrx_word' id='word_1_228' title='bbox 1403 3047 1495 3114; x_wconf 89' lang='lat' dir='ltr'>mille</span> <span class='ocrx_word' id='word_1_229' title='bbox 1509 3047 1641 3130; x_wconf 85' lang='lat' dir='ltr'>pedites</span> <span class='ocrx_word' id='word_1_230' title='bbox 1657 3051 1849 3121; x_wconf 77' lang='lat' dir='ltr'>austoraret</span> <span class='ocrx_word' id='word_1_231' title='bbox 1860 3055 1932 3126; x_wconf 78' lang='lat' dir='ltr'>dac.</span> 
     </span>
     <span class='ocr_line' id='line_1_27' title="bbox 747 3132 1930 3213; baseline 0.002 -9"><span class='ocrx_word' id='word_1_232' title='bbox 747 3175 772 3213; x_wconf 87' lang='lat'>„</span> <span class='ocrx_word' id='word_1_233' title='bbox 789 3137 875 3204; x_wconf 77' lang='lat' dir='ltr'>Asta</span> <span class='ocrx_word' id='word_1_234' title='bbox 898 3137 973 3201; x_wconf 82' lang='lat' dir='ltr'>lraec</span> <span class='ocrx_word' id='word_1_235' title='bbox 997 3153 1057 3200; x_wconf 83' lang='lat' dir='ltr'>xv.</span> <span class='ocrx_word' id='word_1_236' title='bbox 1075 3132 1249 3200; x_wconf 89' lang='lat' dir='ltr'>Novemb.</span> <span class='ocrx_word' id='word_1_237' title='bbox 1273 3132 1379 3198; x_wconf 90' lang='lat' dir='ltr'>Anno</span> <span class='ocrx_word' id='word_1_238' title='bbox 1402 3147 1473 3198; x_wconf 85' lang='lat' dir='ltr'>cro.</span> <span class='ocrx_word' id='word_1_239' title='bbox 1494 3147 1679 3200; x_wconf 82' lang='lat' dir='ltr'>1o.xxv11.</span> <span class='ocrx_word' id='word_1_240' title='bbox 1699 3134 1721 3167; x_wconf 90' lang='lat'>”</span> <span class='ocrx_word' id='word_1_241' title='bbox 1744 3135 1827 3202; x_wconf 83' lang='lat' dir='ltr'>&#39;imo</span> <span class='ocrx_word' id='word_1_242' title='bbox 1843 3140 1930 3206; x_wconf 88' lang='lat' dir='ltr'>verd</span> 
     </span>
     <span class='ocr_line' id='line_1_28' title="bbox 748 3213 1932 3302; baseline 0.003 -14"><span class='ocrx_word' id='word_1_243' title='bbox 748 3239 821 3290; x_wconf 83' lang='lat' dir='ltr'>cro.</span> <span class='ocrx_word' id='word_1_244' title='bbox 845 3238 892 3287; x_wconf 81' lang='lat' dir='ltr'>ra.</span> <span class='ocrx_word' id='word_1_245' title='bbox 912 3235 1049 3284; x_wconf 81' lang='lat' dir='ltr'>xxvrrt.</span> <span class='ocrx_word' id='word_1_246' title='bbox 1067 3230 1173 3302; x_wconf 92' lang='lat' dir='ltr'>prout</span> <span class='ocrx_word' id='word_1_247' title='bbox 1197 3213 1453 3282; x_wconf 84' lang='lat' dir='ltr'>Hortensius&amp;</span> <span class='ocrx_word' id='word_1_248' title='bbox 1472 3213 1645 3282; x_wconf 89' lang='lat' dir='ltr'>Pontanus</span> <span class='ocrx_word' id='word_1_249' title='bbox 1668 3215 1805 3288; x_wconf 90' lang='lat' dir='ltr'>diserte.</span> <span class='ocrx_word' id='word_1_250' title='bbox 1846 3224 1932 3290; x_wconf 87' lang='lat' dir='ltr'>Dies</span> 
     </span>
     <span class='ocr_line' id='line_1_29' title="bbox 747 3297 1934 3390; baseline 0.002 -19"><span class='ocrx_word' id='word_1_251' title='bbox 747 3324 807 3373; x_wconf 86' lang='lat' dir='ltr'>xv.</span> <span class='ocrx_word' id='word_1_252' title='bbox 827 3302 1037 3370; x_wconf 87' lang='lat' dir='ltr'>Novembris</span> <span class='ocrx_word' id='word_1_253' title='bbox 1054 3299 1146 3368; x_wconf 76' lang='lat' dir='ltr'>reste</span> <span class='ocrx_word' id='word_1_254' title='bbox 1159 3297 1367 3382; x_wconf 87' lang='lat' dir='ltr'>adscriptus,</span> <span class='ocrx_word' id='word_1_255' title='bbox 1387 3297 1562 3364; x_wconf 86' lang='lat' dir='ltr'>Pomanus</span> <span class='ocrx_word' id='word_1_256' title='bbox 1578 3299 1670 3366; x_wconf 89' lang='lat' dir='ltr'>enirn</span> <span class='ocrx_word' id='word_1_257' title='bbox 1683 3300 1743 3369; x_wconf 90' lang='lat' dir='ltr'>sol.</span> <span class='ocrx_word' id='word_1_258' title='bbox 1760 3319 1835 3390; x_wconf 80' lang='lat'>741.</span> <span class='ocrx_word' id='word_1_259' title='bbox 1854 3307 1934 3374; x_wconf 82' lang='lat' dir='ltr'>Dies</span> 
     </span>
     <span class='ocr_line' id='line_1_30' title="bbox 747 3381 1933 3474; baseline 0.004 -20"><span class='ocrx_word' id='word_1_260' title='bbox 747 3393 906 3454; x_wconf 74' lang='lat' dir='ltr'>conuentus</span> <span class='ocrx_word' id='word_1_261' title='bbox 931 3386 1057 3451; x_wconf 77' lang='lat' dir='ltr'>laburdo</span> <span class='ocrx_word' id='word_1_262' title='bbox 1081 3383 1289 3451; x_wconf 80' lang='lat' dir='ltr'>Sthoonbouiae</span> <span class='ocrx_word' id='word_1_263' title='bbox 1312 3381 1483 3447; x_wconf 75' lang='lat' dir='ltr'>Hdlondiae</span> <span class='ocrx_word' id='word_1_264' title='bbox 1508 3381 1613 3468; x_wconf 80' lang='lat' dir='ltr'>oppido</span> <span class='ocrx_word' id='word_1_265' title='bbox 1637 3383 1680 3449; x_wconf 84' lang='lat' dir='ltr'>ad</span> <span class='ocrx_word' id='word_1_266' title='bbox 1700 3385 1825 3453; x_wconf 76' lang='lat' dir='ltr'>Iaeccom</span> <span class='ocrx_word' id='word_1_267' title='bbox 1842 3394 1933 3474; x_wconf 69' lang='lat' dir='ltr'>xvii.</span> 
     </span>
     <span class='ocr_line' id='line_1_31' title="bbox 749 3465 1934 3554; baseline 0.003 -16"><span class='ocrx_word' id='word_1_268' title='bbox 749 3471 874 3541; x_wconf 84' lang='lat' dir='ltr'>calend.</span> <span class='ocrx_word' id='word_1_269' title='bbox 894 3469 1030 3536; x_wconf 77' lang='lat' dir='ltr'>Danai.</span> <span class='ocrx_word' id='word_1_270' title='bbox 1049 3467 1185 3534; x_wconf 71' lang='lat' dir='ltr'>indicias.</span> <span class='ocrx_word' id='word_1_271' title='bbox 1226 3465 1271 3533; x_wconf 86' lang='lat' dir='ltr'>Et</span> <span class='ocrx_word' id='word_1_272' title='bbox 1294 3465 1428 3532; x_wconf 85' lang='lat' dir='ltr'>constat</span> <span class='ocrx_word' id='word_1_273' title='bbox 1451 3482 1495 3532; x_wconf 88' lang='lat' dir='ltr'>ex</span> <span class='ocrx_word' id='word_1_274' title='bbox 1519 3465 1666 3533; x_wconf 74' lang='lat' dir='ltr'>traslatu</span> <span class='ocrx_word' id='word_1_275' title='bbox 1685 3469 1934 3554; x_wconf 85' lang='lat' dir='ltr'>Dordraceno,</span> 
     </span>
     <span class='ocr_line' id='line_1_32' title="bbox 748 3547 1930 3640; baseline -0.002 -16"><span class='ocrx_word' id='word_1_276' title='bbox 748 3558 846 3640; x_wconf 73' lang='lat' dir='ltr'>cuius</span> <span class='ocrx_word' id='word_1_277' title='bbox 861 3569 1066 3636; x_wconf 82' lang='lat' dir='ltr'>excerptum</span> <span class='ocrx_word' id='word_1_278' title='bbox 1081 3552 1230 3634; x_wconf 89' lang='lat' dir='ltr'>sequitur</span> <span class='ocrx_word' id='word_1_279' title='bbox 1239 3574 1249 3629; x_wconf 79' lang='lat'>3</span> <span class='ocrx_word' id='word_1_280' title='bbox 1270 3549 1329 3615; x_wconf 92' lang='lat' dir='ltr'>ubi</span> <span class='ocrx_word' id='word_1_281' title='bbox 1343 3551 1379 3616; x_wconf 95' lang='lat' dir='ltr'>in</span> <span class='ocrx_word' id='word_1_282' title='bbox 1402 3549 1464 3614; x_wconf 89' lang='lat' dir='ltr'>lin:</span> <span class='ocrx_word' id='word_1_283' title='bbox 1485 3547 1578 3618; x_wconf 75' lang='lat' dir='ltr'>Naar</span> <span class='ocrx_word' id='word_1_284' title='bbox 1592 3552 1748 3636; x_wconf 76' lang='lat' dir='ltr'>uytauysen</span> <span class='ocrx_word' id='word_1_285' title='bbox 1764 3553 1836 3640; x_wconf 71' lang='grc' dir='ltr'><strong>άγιιι</strong></span> <span class='ocrx_word' id='word_1_286' title='bbox 1849 3572 1930 3623; x_wconf 80' lang='lat' dir='ltr'>troc·</span> 
     </span>
    </p>
   </div>
   <div class='ocr_carea' id='block_1_6' title="bbox 710 3649 1942 4572">
    <p class='ocr_par' dir='ltr' id='par_1_9' title="bbox 710 3649 1940 4322">
     <span class='ocr_line' id='line_1_33' title="bbox 710 3649 1937 3734; baseline 0.004 -14"><span class='ocrx_word' id='word_1_287' title='bbox 710 3663 714 3670; x_wconf 88' lang='lat'>&#39;</span> <span class='ocrx_word' id='word_1_288' title='bbox 752 3669 814 3720; x_wconf 78' lang='lat' dir='ltr'>tote</span> <span class='ocrx_word' id='word_1_289' title='bbox 830 3653 902 3718; x_wconf 87' lang='lat' dir='ltr'>doer</span> <span class='ocrx_word' id='word_1_290' title='bbox 918 3652 1123 3734; x_wconf 77' lang='lat' dir='ltr'>offgemaecsrt</span> <span class='ocrx_word' id='word_1_291' title='bbox 1138 3657 1171 3714; x_wconf 83' lang='lat' dir='ltr'>in</span> <span class='ocrx_word' id='word_1_292' title='bbox 1185 3649 1334 3716; x_wconf 79' lang='lat' dir='ltr'>dieSteede</span> <span class='ocrx_word' id='word_1_293' title='bbox 1347 3669 1414 3718; x_wconf 80' lang='lat' dir='ltr'>von</span> <span class='ocrx_word' id='word_1_294' title='bbox 1429 3649 1632 3718; x_wconf 67' lang='lat' dir='ltr'>salonarum</span> <span class='ocrx_word' id='word_1_295' title='bbox 1643 3653 1812 3720; x_wconf 65' lang='lat' dir='ltr'>annonam</span> <span class='ocrx_word' id='word_1_296' title='bbox 1824 3649 1859 3720; x_wconf 76' lang='grc' dir='ltr'>εἶι</span> <span class='ocrx_word' id='word_1_297' title='bbox 1869 3677 1937 3725; x_wconf 84' lang='lat' dir='ltr'>van</span> 
     </span>
     <span class='ocr_line' id='line_1_34' title="bbox 750 3731 1937 3816; baseline 0.003 -14"><span class='ocrx_word' id='word_1_298' title='bbox 750 3739 807 3802; x_wconf 85' lang='lat' dir='ltr'>den</span> <span class='ocrx_word' id='word_1_299' title='bbox 822 3737 944 3801; x_wconf 83' lang='lat' dir='ltr'>brieoot</span> <span class='ocrx_word' id='word_1_300' title='bbox 959 3735 1031 3799; x_wconf 87' lang='lat' dir='ltr'>daer</span> <span class='ocrx_word' id='word_1_301' title='bbox 1050 3733 1105 3815; x_wconf 82' lang='lat' dir='ltr'>aff</span> <span class='ocrx_word' id='word_1_302' title='bbox 1113 3731 1206 3816; x_wconf 77' lang='lat' dir='ltr'>zynde</span> <span class='ocrx_word' id='word_1_303' title='bbox 1222 3751 1290 3799; x_wconf 81' lang='lat' dir='ltr'>vnn</span> <span class='ocrx_word' id='word_1_304' title='bbox 1303 3733 1357 3798; x_wconf 82' lang='lat' dir='ltr'>den</span> <span class='ocrx_word' id='word_1_305' title='bbox 1374 3746 1467 3800; x_wconf 63' lang='lat' dir='ltr'>stom.</span> <span class='ocrx_word' id='word_1_306' title='bbox 1484 3731 1557 3798; x_wconf 82' lang='lat' dir='ltr'>dotb</span> <span class='ocrx_word' id='word_1_307' title='bbox 1575 3733 1628 3798; x_wconf 86' lang='lat' dir='ltr'>der</span> <span class='ocrx_word' id='word_1_308' title='bbox 1639 3733 1747 3802; x_wconf 76' lang='lat' dir='ltr'>Mutat</span> <span class='ocrx_word' id='word_1_309' title='bbox 1758 3737 1937 3806; x_wconf 81' lang='lat' dir='ltr'>November</span> 
     </span>
     <span class='ocr_line' id='line_1_35' title="bbox 741 3815 1937 3903; baseline 0.001 -15"><span class='ocrx_word' id='word_1_310' title='bbox 741 3819 893 3903; x_wconf 74' lang='lat' dir='ltr'>,lessledea</span> <span class='ocrx_word' id='word_1_311' title='bbox 914 3817 1080 3886; x_wconf 87' lang='lat' dir='ltr'>Ceterum</span> <span class='ocrx_word' id='word_1_312' title='bbox 1100 3817 1199 3882; x_wconf 91' lang='lat' dir='ltr'>nimis</span> <span class='ocrx_word' id='word_1_313' title='bbox 1215 3815 1350 3882; x_wconf 87' lang='lat' dir='ltr'>festinat</span> <span class='ocrx_word' id='word_1_314' title='bbox 1366 3817 1511 3892; x_wconf 88' lang='lat' dir='ltr'>Revius,</span> <span class='ocrx_word' id='word_1_315' title='bbox 1533 3815 1615 3881; x_wconf 90' lang='lat' dir='ltr'>dum</span> <span class='ocrx_word' id='word_1_316' title='bbox 1633 3815 1766 3898; x_wconf 87' lang='lat' dir='ltr'>scribit,</span> <span class='ocrx_word' id='word_1_317' title='bbox 1780 3820 1937 3890; x_wconf 83' lang='lat' dir='ltr'>Schooir·</span> 
     </span>
     <span class='ocr_line' id='line_1_36' title="bbox 750 3897 1938 3986; baseline -0.007 -17"><span class='ocrx_word' id='word_1_318' title='bbox 750 3904 865 3969; x_wconf 89' lang='lat' dir='ltr'>hoviae</span> <span class='ocrx_word' id='word_1_319' title='bbox 885 3903 1064 3986; x_wconf 72' lang='lat' dir='ltr'>translatum</span> <span class='ocrx_word' id='word_1_320' title='bbox 1088 3899 1142 3986; x_wconf 80' lang='lat' dir='ltr'>effa</span> <span class='ocrx_word' id='word_1_321' title='bbox 1166 3900 1193 3965; x_wconf 84' lang='lat' dir='ltr'><em>E</em></span> <span class='ocrx_word' id='word_1_322' title='bbox 1213 3899 1373 3986; x_wconf 85' lang='lat' dir='ltr'>istopotum</span> <span class='ocrx_word' id='word_1_323' title='bbox 1390 3899 1425 3968; x_wconf 69' lang='lat' dir='ltr'>si</span> <span class='ocrx_word' id='word_1_324' title='bbox 1439 3897 1570 3980; x_wconf 83' lang='lat' dir='ltr'>diocefim</span> <span class='ocrx_word' id='word_1_325' title='bbox 1592 3898 1781 3984; x_wconf 68' lang='lat' dir='ltr'>inferiorem</span> <span class='ocrx_word' id='word_1_326' title='bbox 1802 3905 1938 3974; x_wconf 84' lang='lat' dir='ltr'>Neder.</span> 
     </span>
     <span class='ocr_line' id='line_1_37' title="bbox 748 3917 1933 4081; baseline 0.006 -29"><span class='ocrx_word' id='word_1_327' title='bbox 748 3987 862 4055; x_wconf 63' lang='lat' dir='ltr'>,sticho</span> <span class='ocrx_word' id='word_1_328' title='bbox 884 3986 938 4080; x_wconf 36' lang='lat' dir='ltr'>lbi·</span> <span class='ocrx_word' id='word_1_329' title='bbox 951 3987 1040 4052; x_wconf 90' lang='lat' dir='ltr'>enim</span> <span class='ocrx_word' id='word_1_330' title='bbox 1058 4004 1127 4052; x_wconf 92' lang='lat' dir='ltr'>non</span> <span class='ocrx_word' id='word_1_331' title='bbox 1148 3917 1213 4050; x_wconf 43' lang='lat' dir='ltr'>nili)</span> <span class='ocrx_word' id='word_1_332' title='bbox 1223 3981 1392 4068; x_wconf 87' lang='lat' dir='ltr'>promiilio</span> <span class='ocrx_word' id='word_1_333' title='bbox 1409 3981 1497 4048; x_wconf 73' lang='lat' dir='ltr'>fasta</span> <span class='ocrx_word' id='word_1_334' title='bbox 1513 3981 1556 4078; x_wconf 79' lang='lat' dir='ltr'>de</span> <span class='ocrx_word' id='word_1_335' title='bbox 1573 3982 1823 4081; x_wconf 64' lang='lat' dir='ltr'>aransferendo.</span> <span class='ocrx_word' id='word_1_336' title='bbox 1854 3991 1933 4059; x_wconf 88' lang='lat' dir='ltr'>Nec</span> 
     </span>
     <span class='ocr_line' id='line_1_38' title="bbox 752 4064 1937 4148; baseline 0.004 -12"><span class='ocrx_word' id='word_1_337' title='bbox 752 4071 797 4138; x_wconf 90' lang='lat' dir='ltr'>de</span> <span class='ocrx_word' id='word_1_338' title='bbox 815 4069 886 4134; x_wconf 86' lang='lat' dir='ltr'>sola</span> <span class='ocrx_word' id='word_1_339' title='bbox 906 4067 1031 4134; x_wconf 82' lang='lat' dir='ltr'>dlocesl</span> <span class='ocrx_word' id='word_1_340' title='bbox 1048 4067 1219 4138; x_wconf 80' lang='lat' dir='ltr'>inferiori,</span> <span class='ocrx_word' id='word_1_341' title='bbox 1239 4067 1296 4133; x_wconf 92' lang='lat' dir='ltr'>sed</span> <span class='ocrx_word' id='word_1_342' title='bbox 1310 4065 1402 4132; x_wconf 86' lang='lat' dir='ltr'>&amp;de</span> <span class='ocrx_word' id='word_1_343' title='bbox 1421 4064 1588 4148; x_wconf 77' lang='lat' dir='ltr'>superiori</span> <span class='ocrx_word' id='word_1_344' title='bbox 1608 4065 1703 4133; x_wconf 84' lang='lat' dir='ltr'>simul</span> <span class='ocrx_word' id='word_1_345' title='bbox 1724 4069 1836 4137; x_wconf 76' lang='lat' dir='ltr'>adium</span> <span class='ocrx_word' id='word_1_346' title='bbox 1857 4074 1937 4142; x_wconf 89' lang='lat' dir='ltr'>suit.</span> 
     </span>
     <span class='ocr_line' id='line_1_39' title="bbox 752 4148 1938 4242; baseline 0.004 -23"><span class='ocrx_word' id='word_1_347' title='bbox 752 4155 797 4220; x_wconf 86' lang='lat' dir='ltr'>Et</span> <span class='ocrx_word' id='word_1_348' title='bbox 813 4150 985 4218; x_wconf 90' lang='lat' dir='ltr'>translatio</span> <span class='ocrx_word' id='word_1_349' title='bbox 1009 4149 1082 4215; x_wconf 90' lang='lat' dir='ltr'>fieri</span> <span class='ocrx_word' id='word_1_350' title='bbox 1107 4150 1226 4216; x_wconf 89' lang='lat' dir='ltr'>debuit</span> <span class='ocrx_word' id='word_1_351' title='bbox 1248 4169 1311 4234; x_wconf 92' lang='lat' dir='ltr'>per</span> <span class='ocrx_word' id='word_1_352' title='bbox 1336 4148 1596 4231; x_wconf 81' lang='lat' dir='ltr'>reignationem</span> <span class='ocrx_word' id='word_1_353' title='bbox 1616 4151 1652 4215; x_wconf 91' lang='lat' dir='ltr'>in</span> <span class='ocrx_word' id='word_1_354' title='bbox 1669 4151 1842 4236; x_wconf 87' lang='lat' dir='ltr'>savorem,</span> <span class='ocrx_word' id='word_1_355' title='bbox 1865 4159 1938 4242; x_wconf 83' lang='lat' dir='ltr'>ejus</span> 
     </span>
     <span class='ocr_line' id='line_1_40' title="bbox 753 4232 1940 4322; baseline 0.003 -20"><span class='ocrx_word' id='word_1_356' title='bbox 753 4254 856 4320; x_wconf 90' lang='lat' dir='ltr'>quem</span> <span class='ocrx_word' id='word_1_357' title='bbox 878 4233 991 4300; x_wconf 85' lang='lat' dir='ltr'>Caesar</span> <span class='ocrx_word' id='word_1_358' title='bbox 1015 4233 1240 4307; x_wconf 86' lang='lat' dir='ltr'>nominasset,</span> <span class='ocrx_word' id='word_1_359' title='bbox 1270 4233 1373 4315; x_wconf 86' lang='lat' dir='ltr'>idque</span> <span class='ocrx_word' id='word_1_360' title='bbox 1401 4232 1444 4297; x_wconf 83' lang='lat' dir='ltr'>ad</span> <span class='ocrx_word' id='word_1_361' title='bbox 1468 4248 1588 4297; x_wconf 88' lang='lat' dir='ltr'>manus</span> <span class='ocrx_word' id='word_1_362' title='bbox 1611 4233 1723 4317; x_wconf 85' lang='lat' dir='ltr'>Papae.</span> <span class='ocrx_word' id='word_1_363' title='bbox 1761 4237 1940 4322; x_wconf 84' lang='lat' dir='ltr'>Agebatur</span> 
     </span>
    </p>

    <p class='ocr_par' dir='ltr' id='par_1_10' title="bbox 729 4313 1942 4482">
     <span class='ocr_line' id='line_1_41' title="bbox 729 4313 1942 4405; baseline 0.002 -21"><span class='ocrx_word' id='word_1_364' title='bbox 729 4333 733 4340; x_wconf 79' lang='grc'>’</span> <span class='ocrx_word' id='word_1_365' title='bbox 755 4320 848 4384; x_wconf 89' lang='lat' dir='ltr'>enirn</span> <span class='ocrx_word' id='word_1_366' title='bbox 865 4317 908 4384; x_wconf 91' lang='lat' dir='ltr'>de</span> <span class='ocrx_word' id='word_1_367' title='bbox 925 4317 975 4382; x_wconf 83' lang='lat' dir='ltr'>llis</span> <span class='ocrx_word' id='word_1_368' title='bbox 990 4333 1066 4397; x_wconf 88' lang='lat' dir='ltr'>quae</span> <span class='ocrx_word' id='word_1_369' title='bbox 1081 4315 1123 4380; x_wconf 87' lang='lat' dir='ltr'>ad</span> <span class='ocrx_word' id='word_1_370' title='bbox 1139 4313 1232 4378; x_wconf 88' lang='lat' dir='ltr'>sacra</span> <span class='ocrx_word' id='word_1_371' title='bbox 1248 4317 1445 4398; x_wconf 88' lang='lat' dir='ltr'>pertinent,</span> <span class='ocrx_word' id='word_1_372' title='bbox 1463 4313 1533 4382; x_wconf 86' lang='lat' dir='ltr'>five</span> <span class='ocrx_word' id='word_1_373' title='bbox 1550 4315 1595 4382; x_wconf 87' lang='lat' dir='ltr'>de</span> <span class='ocrx_word' id='word_1_374' title='bbox 1617 4317 1848 4403; x_wconf 71' lang='lat' dir='ltr'>jurisdisiione</span> <span class='ocrx_word' id='word_1_375' title='bbox 1874 4320 1942 4405; x_wconf 91' lang='lat' dir='ltr'>spi-</span> 
     </span>
     <span class='ocr_line' id='line_1_42' title="bbox 755 4395 1942 4482; baseline 0.001 -13"><span class='ocrx_word' id='word_1_376' title='bbox 755 4401 885 4470; x_wconf 85' lang='lat' dir='ltr'>rituali:</span> <span class='ocrx_word' id='word_1_377' title='bbox 899 4397 1144 4481; x_wconf 86' lang='lat' dir='ltr'>temporilitate</span> <span class='ocrx_word' id='word_1_378' title='bbox 1154 4396 1296 4464; x_wconf 87' lang='lat' dir='ltr'>Caesaris</span> <span class='ocrx_word' id='word_1_379' title='bbox 1312 4395 1438 4464; x_wconf 76' lang='lat' dir='ltr'>futuri.</span> <span class='ocrx_word' id='word_1_380' title='bbox 1459 4397 1619 4465; x_wconf 89' lang='lat' dir='ltr'>Meminit</span> <span class='ocrx_word' id='word_1_381' title='bbox 1634 4417 1769 4482; x_wconf 87' lang='lat' dir='ltr'>quoque</span> <span class='ocrx_word' id='word_1_382' title='bbox 1782 4403 1942 4470; x_wconf 87' lang='lat' dir='ltr'>Seboon·</span> 
     </span>
    </p>

    <p class='ocr_par' dir='ltr' id='par_1_11' title="bbox 747 4479 1939 4572">
     <span class='ocr_line' id='line_1_43' title="bbox 747 4479 1939 4572; baseline 0.007 -22"><span class='ocrx_word' id='word_1_383' title='bbox 747 4483 897 4550; x_wconf 79' lang='lat' dir='ltr'>boviani</span> <span class='ocrx_word' id='word_1_384' title='bbox 915 4480 1075 4548; x_wconf 72' lang='lat' dir='ltr'>tradatis</span> <span class='ocrx_word' id='word_1_385' title='bbox 1088 4481 1169 4548; x_wconf 89' lang='lat' dir='ltr'>Ant.</span> <span class='ocrx_word' id='word_1_386' title='bbox 1185 4481 1309 4547; x_wconf 80' lang='lat' dir='ltr'>Matth.</span> <span class='ocrx_word' id='word_1_387' title='bbox 1324 4479 1479 4546; x_wconf 77' lang='lat' dir='ltr'>Analesi.</span> <span class='ocrx_word' id='word_1_388' title='bbox 1500 4493 1582 4550; x_wconf 91' lang='lat' dir='ltr'>tom.</span> <span class='ocrx_word' id='word_1_389' title='bbox 1596 4500 1631 4568; x_wconf 78' lang='lat'>3.</span> <span class='ocrx_word' id='word_1_390' title='bbox 1648 4501 1726 4572; x_wconf 84' lang='lat' dir='ltr'>pag.</span> <span class='ocrx_word' id='word_1_391' title='bbox 1747 4502 1823 4556; x_wconf 81' lang='lat' dir='ltr'>aaa.</span> <span class='ocrx_word' id='word_1_392' title='bbox 1837 4505 1939 4558; x_wconf 77' lang='lat' dir='ltr'>nore</span> 
     </span>
    </p>
   </div>
   <div class='ocr_carea' id='block_1_7' title="bbox 749 4563 1505 4652">
    <p class='ocr_par' dir='ltr' id='par_1_12' title="bbox 749 4563 1505 4652">
     <span class='ocr_line' id='line_1_44' title="bbox 749 4563 1505 4652; baseline -0.008 -12"><span class='ocrx_word' id='word_1_393' title='bbox 749 4567 838 4640; x_wconf 77' lang='lat' dir='ltr'>edit.</span> <span class='ocrx_word' id='word_1_394' title='bbox 853 4567 887 4633; x_wconf 88' lang='lat' dir='ltr'>in</span> <span class='ocrx_word' id='word_1_395' title='bbox 911 4588 942 4652; x_wconf 84' lang='lat'>4.</span> <span class='ocrx_word' id='word_1_396' title='bbox 962 4565 1017 4633; x_wconf 87' lang='lat' dir='ltr'>sed</span> <span class='ocrx_word' id='word_1_397' title='bbox 1036 4567 1072 4632; x_wconf 92' lang='lat' dir='ltr'>in</span> <span class='ocrx_word' id='word_1_398' title='bbox 1086 4585 1150 4646; x_wconf 81' lang='lat' dir='ltr'>sc,</span> <span class='ocrx_word' id='word_1_399' title='bbox 1173 4583 1248 4650; x_wconf 87' lang='lat' dir='ltr'>quae</span> <span class='ocrx_word' id='word_1_400' title='bbox 1270 4564 1354 4632; x_wconf 87' lang='lat' dir='ltr'>nihil</span> <span class='ocrx_word' id='word_1_401' title='bbox 1370 4563 1414 4632; x_wconf 89' lang='lat' dir='ltr'>ad</span> <span class='ocrx_word' id='word_1_402' title='bbox 1431 4580 1505 4634; x_wconf 81' lang='lat' dir='ltr'>nos.</span> 
     </span>
    </p>
   </div>
   <div class='ocr_carea' id='block_1_8' title="bbox 0 0 2408 5860">
    <p class='ocr_par' dir='ltr' id='par_1_13' title="bbox 0 0 2408 5860">
     <span class='ocr_line' id='line_1_45' title="bbox 0 0 2408 5860; baseline 0 0"><span class='ocrx_word' id='word_1_403' title='bbox 0 0 2408 5860; x_wconf 95' lang='lat' dir='ltr'> </span> 
     </span>
    </p>
   </div>
  </div>
 </body>
</html>
