4678 5804
630 631 935 764 [uacant
972 638 1020 733 s.
1055 637 1513 737 SALVATORIS,
1589 671 1670 737 221

461 859 588 933 ·1549·
612 836 687 912 Sed
705 838 800 910 hunc
819 833 943 907 excolit
960 831 1020 906 sub
1037 833 1194 927 Ludolpho
1209 832 1341 906 deVrno
1355 829 1497 906 Decano
1510 830 1670 930 Maioris.

530 937 695 1008 Ceterum
726 931 890 1003 Decanus
921 928 1037 1003 noster
1063 949 1272 1004 memoratur
1299 928 1335 998 in
1362 925 1493 1002 Charta
1517 929 1673 1006 Frederr'cs'

477 1027 630 1121 Badtnfis
645 1027 726 1101 anui
749 1047 850 1116 ¹50¹·
874 1047 954 1121 quae
969 1023 1018 1097 est
1033 1024 1215 1098 Sententia
1235 1026 1328 1096 inter
1345 1025 1536 1119 capitulum
1557 1031 1667 1100 eccle·
1729 1043 1824 1104 1501·

477 1123 539 1198 siae
549 1125 743 1217 collegiatae
752 1121 788 1194 S.
805 1119 954 1215 Georgii
970 1118 1212 1207 Amctsfortii,
1232 1117 1268 1190 &
1286 1121 1439 1212 ejusdcm
1453 1121 1584 1214 oppidi
1596 1143 1667 1197 ma·

469 1221 679 1386 {istratum
704 1217 804 1312 super
825 1216 901 1309 jure
919 1235 1123 1310 patronatus
1147 1215 1324 1310 parochiae
1339 1237 1419 1306 quae
1434 1213 1566 1288 ibidem
1586 1215 1665 1290 suit.

511 1317 642 1390 hertam
660 1314 756 1388 dedit
770 1309 898 1383 Matth.
919 1316 955 1384 in
973 1333 1046 1385 not.
1063 1311 1106 1384 ad
1116 1308 1197 1382 Res.
1210 1307 1362 1381 Amersf.
1385 1309 1512 1404 Script.
1526 1331 1563 1402 p.
1581 1332 1663 1404 343.

476 1407 645 1484 Occurrit
661 1409 821 1482 etiamad
842 1429 968 1490 annum
988 1427 1087 1494 1514.
1103 1408 1140 1476 in
1163 1401 1359 1478 testimonio
1379 1407 1474 1499 quod
1496 1407 1540 1478 dt
1556 1409 1663 1479 virtu·
1723 1425 1813 1496 1514.

473 1507 622 1578 tibus&
667 1503 841 1574 oenitentia
863 1500 1078 1574 Venerabilis
1098 1504 1204 1574 Bertae
1222 1499 1319 1574 dedit
1338 1501 1375 1573 δι
1394 1499 1540 1596 fignavit
1567 1504 1662 1597 apud

474 1601 609 1672 Matris.
639 1527 755 1670 duno.
785 1597 822 1668 da
846 1596 934 1669 Fata
957 1597 993 1667 in
1023 1595 1226 1690 praefatione
1257 1593 1419 1670 editionis
1447 1596 1527 1670 anni
1556 1618 1660 1690 1703.

463 1719 580 1795 ¹quatu
600 1691 704 1766 solam
724 1690 898 1786 hucusque
913 1692 997 1762 vidi.
1048 1692 1088 1760 ln
1109 1713 1256 1782 utraque
1284 1689 1413 1763 Charta
1436 1697 1657 1781 Hermonnus,

475 1793 512 1860 dc
530 1789 694 1861 Decanus
712 1787 745 1858 S.
763 1787 954 1858 Salvatoris
980 1803 1118 1858 notatur
1138 1786 1175 1860 δι
1193 1783 1351 1858 Vicarius
1373 1789 1410 1858 in
1426 1782 1661 1881 spiritualibus

435 1939 443 1956 .
469 1885 641 1980 generalis
662 1881 817 1956 Fredarict‘
838 1877 997 1968 Bodensts.

518 1977 652 2052 XXVI.
688 1976 946 2048 Gunnnnus
980 1997 1036 2046 un
1071 1971 1355 2046 Suocunoos
1389 1974 1541 2052 succedit
1572 1981 1657 2051 Her·
1726 2003 1784 2070 dn.

457 2071 602 2158 'manum
627 2097 717 2146 auno
740 2072 850 2144 statim
875 2091 976 2159 1527.
1012 2069 1069 2141 De
1091 2093 1135 2141 eo
1159 2072 1314 2143 meminit
1335 2069 1540 2146 Lambertus
1561 2071 1656 2146 Hor·
1716 2098 1803 2166 15²7·

373 2224 376 2230 .
457 2167 596 2244 'tenuas
620 2166 705 2238 Rer.
727 2165 929 2257 Ulttajslib.
953 2185 985 2252 5.
1007 2188 1086 2259 pag.
1108 2167 1190 2236 mihi
1212 2188 1290 2238 111.
1309 2167 1369 2238 ubi
1389 2169 1546 2239 Gerendus
1564 2170 1655 2242 intes

448 2267 607 2356 ,legatos
633 2261 878 2354 Ulttajedinos
903 2261 946 2331 ad
976 2258 1112 2332 Ducem
1134 2260 1329 2334 Clivensem
1357 2283 1423 2353 pro
1452 2285 1539 2353 pace
1563 2263 1654 2335 inter

472 2359 643 2431 Henrr'cnm
665 2358 824 2427 Bonorum
846 2353 1078 2448 Episcopum,
1106 2355 1304 2438 &Ducem
1331 2355 1497 2429 Geldriae.
1548 2357 1654 2430 Anno
1694 2381 1799 2444 ,asra

469 2451 625 2546 sequenti
650 2451 833 2524 invadente
857 2451 975 2522 urbem
1004 2451 1155 2532 Hentito,
1189 2452 1343 2522 Gerendus
1374 2451 1537 2524 Decanus
1563 2455 1655 2528 inter

469 2550 627 2642 captivos
644 2567 843 2619 numeratur
859 2547 902 2617 ab
921 2543 1090 2616 Hortens.
1116 2546 1174 2618 lib.
1198 2566 1230 2636 7.
1257 2567 1294 2639 p.
1315 2545 1398 2618 mihi
1421 2554 1496 2634 158.
1533 2543 1654 2623 Postea

452 2641 590 2716 'eodem
609 2667 699 2715 anno
716 2635 788 2733 ipse
807 2641 1036 2736 cumreliquo
1052 2642 1146 2713 clero
1165 2638 1201 2711 ὅ(
1222 2641 1355 2712 Hearito
1375 2645 1526 2726 Bonoso,
1551 2647 1652 2736 ditio·
1767 2679 1772 2688 ·

448 2825 451 2832 .
470 2739 523 2812 nis
544 2735 776 2832 Ulnajedinae
793 2737 983 2808 dominium
1002 2734 1172 2807 transtulit
1188 2736 1224 2806 in
1242 2735 1411 2808 Caesarem
1429 2736 1591 2811 Catulum
1604 2741 1649 2813 V.

446 2835 562 3002 aad
580 2830 969 3000 lalatlltltla
995 2831 1649 3027 {atstandandans:stu

463 3025 565 3120 super
591 3019 810 3098 transsatione
836 3022 1097 3115 temporalitatis
1118 3025 1153 3092 in
1173 3021 1418 3115 imperatorem
1437 3021 1558 3110 fana,
1584 3050 1648 3102 nec

460 3145 533 3195 uon
548 3119 647 3216 super
664 3115 828 3192 consensu
848 3118 977 3190 deuon
996 3119 1158 3211 eligendo
1175 3114 1405 3209 Episcopum,
1420 3117 1479 3189 nifi
1499 3143 1562 3212 pet
1580 3120 1645 3193 lm-

460 3239 655 3310 peratorem
682 3215 877 3287 nominat-us
905 3212 1030 3294 suerit,
1068 3213 1104 3286 dt
1124 3213 1168 3286 de
1194 3235 1263 3284 non
1281 3213 1449 3305 eligendis
1468 3213 1643 3307 Decanis,

460 3309 521 3382 nili
539 3313 598 3403 qui
620 3311 822 3400 imperatori
842 3311 932 3402 grati
950 3305 1054 3380 essent
1074 3309 1110 3380 dc
1130 3309 1276 3402 accepti
1327 3311 1459 3380 Chatta
1482 3309 1530 3381 est
1553 3313 1642 3384 inter

462 3405 628 3476 Tradimus
653 3405 727 3474 &a
754 3403 854 3472 nobis
884 3401 958 3494 sup.
984 3404 1106 3474 editos.
1142 3404 1247 3476 Anno
1275 3423 1373 3493 1531·
1398 3425 1475 3475 cum
1500 3405 1641 3501 reliquis
1690 3431 1789 3491 usp.

459 3499 612 3593 praelatis
627 3497 777 3589 quinque
790 3494 1007 3567 ecclefiarum
1021 3495 1317 3590 Ultrajedlensrum
1332 3497 1499 3570 consensit
1514 3501 1549 3570 in
1566 3526 1640 3574 mu·

452 3594 622 3668 tationem
638 3590 818 3682 juramenti
833 3591 876 3662 ab
888 3587 1070 3685 Episcopis
1085 3591 1121 3662 in
1139 3588 1285 3686 ingressu
1303 3615 1345 3663 eo
1363 3617 1419 3664 um
1435 3591 1637 3686 praestandi,

457 3689 602 3761 aCorolu
618 3687 658 3760 V.
682 3683 897 3758 mandatam:
924 3685 985 3756 ubi
1010 3709 1053 3760 ex
1072 3688 1125 3758 his
1144 3686 1279 3760 verbis:
1307 3687 1396 3778 Jnru
1414 3685 1542 3782 scelesta
1563 3715 1638 3766 rntae

429 3776 633 3874 'conservabo
653 3783 773 3852 illibato
784 3829 795 3862 ‚
829 3781 1000 3852 libertatem
1031 3783 1179 3852 aledionis
1204 3777 1245 3862 Θ
1268 3787 1464 3874 exemptionis
1491 3787 1637 3860 hedenus
1680 3779 1683 3784 ⁵

455 3880 591 3950 hobitum
609 3873 650 3957 &⁹
669 3875 859 3970 obstructum
872 3893 926 3967 par
941 3873 1076 3965 diocesim
1096 3877 1317 3970 Trajedsostm
1337 3901 1503 3970 ‘nurnqtum
1521 3879 1635 3972 infrin-

453 3995 527 4066 gam
544 3967 614 4052 &u
632 3971 761 4044 delevit
777 3969 892 4042 Caesar
910 3973 992 4044 illud
1006 3974 1165 4044 eladionr's.
1193 3971 1324 4044 Charta
1341 3973 1389 4044 est
1411 3973 1524 4045 rursus
1545 3977 1635 4050 inter

454 4065 565 4138 distes
585 4064 767 4153 Tradetur,
793 4065 851 4136 ubi
871 4064 918 4138 V.
944 4063 1058 4138 Notas
1087 4065 1227 4140 nostras.
1249 4065 1283 4137 in
1304 4090 1372 4158 qua
1391 4067 1427 4140 dc
1447 4069 1532 4140 illud
1553 4093 1634 4162 pro·

451 4160 626 4246 mittitur,
659 4162 755 4254 quod
780 4180 909 4252 praeter
925 4160 1154 4253 jurameutum
1179 4165 1357 4256 generale,
1390 4165 1521 4235 nullum
1539 4165 1634 4238 aliud

451 4257 684 4346 particulare,
710 4277 808 4330 antea
836 4252 990 4352 usurpari
1011 4255 1163 4336 solitum,
1189 4259 1354 4349 deinceps
1377 4258 1573 4352 exigeret-ur
1588 4261 1636 4334 ab
1678 4290 1683 4302 ·

449 4347 686 4452 vttojeumo
715 4349 906 4452 Episcopo.
954 4347 1239 4542 Necrolssgeuszs.
1264 4351 1456 4430 sanatoris
1481 4353 1639 4524 aad&
