4660 5840
493 637 800 735 manusc.
828 635 1121 730 PATRIAE
1148 633 1502 745 uantucu.
1546 667 1630 754 ως

434 827 623 923 municipia
655 825 699 898 ad
729 823 823 898 suam
853 822 1044 899 Ecclesiam
1071 823 1285 920 Trajeslens.
1307 819 1514 918 spectantia,
1548 851 1620 903 nou

433 924 503 1000 siue
519 945 644 1020 magua
669 921 843 1019 impensa,
875 919 1006 1017 sibique
1034 921 1264 1001 intolerabili,
1290 921 1421 994 diutius
1448 925 1617 1013 retinere,

431 1045 498 1096 nec
516 1019 561 1093 de
580 1017 760 1115 expensis,
782 1041 850 1114 pro
869 1019 1025 1092 exercitu
1049 1018 1085 1091 iu
1109 1023 1180 1090 e'us
1199 1013 1430 1091 defensionem
1450 1015 1489 1090 ἃ
1512 1016 1616 1092 subsr-

431 1119 490 1190 dio
510 1119 581 1210 (3)
599 1135 801 1212 comparato
815 1111 935 1198 suffla,
946 1111 1096 1209 praesato
1112 1043 1298 1186 sutoro
1313 1109 1404 1207 Regi
1416 1110 1613 1188 satisfacere

429 1209 546 1310 posl‘e,
570 1233 611 1286 ac
630 1214 778 1306 cupiens
793 1211 888 1284 disto
905 1209 1031 1283 Cano
1043 1234 1096 1283 uo
1108 1207 1162 1282 Re
1190 1213 1220 1296 ',
1244 1209 1291 1282 ob
1312 1213 1417 1283 tutin
1436 1209 1469 1282 se
1488 1215 1616 1285 collata

428 1305 619 1394 beneficia,
645 1309 789 1400 gratiam
808 1307 960 1402 aliquam
982 1305 1131 1396 referre,
1214 1307 1350 1378 demum
1378 1305 1512 1378 suorum
1536 1307 1621 1380 sub·-

429 1405 583 1480 ditoruru
607 1405 716 1498 quieti
738 1403 776 1477 δι
795 1403 1039 1497 tranquillitati
1064 1426 1106 1475 ac
1129 1399 1303 1476 securitati
1323 1400 1520 1490 consulere,
1544 1403 1614 1476 eas-

427 1523 499 1668 gue
527 1497 571 1570 ab
594 1497 849 1572 imminentibus
874 1497 1041 1593 periculis
1066 1497 1103 1572 δι
1122 1497 1249 1571 futuris
1274 1497 1504 1572 incommodis
1522 1521 1611 1594 prae-

444 1615 586 1682 ervare,
610 1617 654 1667 ex
669 1593 864 1689 praemilirs,
890 1595 926 1667 δι
944 1595 1021 1668 aliia
1042 1615 1112 1668 uon
1130 1595 1271 1667 minoris
1294 1595 1465 1668 momenti
1481 1595 1606 1680 causis,

426 1689 616 1766 Civitatem
638 1687 765 1784 ipsam,
790 1711 831 1762 ac
850 1689 1021 1785 Oppida,
1044 1687 1186 1773 Castra,
1213 1687 1433 1784 Municipia,
1468 1691 1506 1765 dt
1528 1694 1608 1766 loca

278 1815 283 1824 ⁴
423 1786 531 1881 partis
561 1785 734 1858 inferioris
759 1783 987 1880 Trajesiensis
1012 1787 1055 1858 ad
1082 1783 1193 1880 ipsum
1226 1785 1397 1856 Hrnrr'cum
1427 1785 1607 1873 blesium,

423 1879 565 1976 suasque
583 1876 789 1954 successores
799 1879 997 1977 Episcopus
1009 1879 1264 1978 Trajetlenses,
1290 1903 1331 1954 ac
1343 1879 1492 1954 mensam
1508 1883 1609 1980 Epis·

424 1978 583 2072 copalem
612 1973 895 2069 Trajeslensem,
929 1978 1084 2072 legitime
1112 1977 1327 2074 spectantia,
1361 1979 1605 2052 camillorum

422 2073 611 2155 machinis,
645 2074 847 2158 tormentis,
889 2074 1108 2156 bombatdia,
1141 2097 1182 2149 ac
1209 2073 1368 2146 omnibus
1399 2073 1437 2146 δι
1465 2070 1606 2171 singulis

424 2166 554 2240 'oribus
579 2168 617 2243 δι
641 2167 882 2260 pertinentiis,
912 2166 1168 2262 jurisdictione,
1202 2169 1408 2263 temporali,
1443 2189 1604 2244 necnon

423 2191 588 2349 slasallis,
612 2257 819 2349 Officiariis,
842 2261 1005 2353 subditis,
1031 2266 1068 2334 δι
1087 2263 1210 2338 incolis
1232 2261 1320 2352 suis,
1344 2265 1380 2334 in
1398 2263 1507 2362 ipsum
1523 2264 1609 2339 Cn·

421 2378 579 2432 uotum
603 2354 737 2452 Regem
763 2355 935 2433 transtulit
959 2361 997 2433 &
1019 2359 1222 2445 transfudit,
1248 2381 1289 2436 ac
1306 2381 1424 2434 omnes
1442 2359 1607 2460 excisras,

423 2451 563 2540 census,
597 2455 747 2540 reditus,
783 2452 1034 2548 emphiteoses‚
1075 2477 1202 2541 terras,
1236 2453 1382 2550 pascua,
1414 2454 1599 2542 Decimus,

422 2545 572 2636 Vincas,
597 2547 744 2644 sylvas,
769 2547 857 2640 Jura
882 2547 1089 2625 Patronatus
1115 2571 1183 2624 tam
1206 2551 1340 2625 laicalia
1358 2573 1461 2648 quam
1479 2554 1601 2628 castra·

418 2645 488 2727 lia,
500 2665 567 2717 nec
586 2669 656 2718 non
672 2645 788 2719 omnia
802 2645 977 2732 thelonia,
990 2647 1274 2722 &theloneorum
1289 2647 1388 2741 jura,
1405 2647 1540 2742 studia(
1579 2656 1605 2748 )·

367 2751 372 2766 ·
418 2737 626 2834 Vasallagia‚
655 2738 838 2826 Dominis,
864 2739 921 2828 &,
947 2761 989 2816 ut
1009 2743 1119 2836 vulgo
1147 2744 1291 2830 dicunt,
1316 2744 1423 2830 altas,
1448 2747 1598 2833 medias,

419 2836 457 2908 dc
479 2834 586 2910 bassas
610 2834 887 2930 Jurisdictiones,
923 2838 960 2913 δι
985 2837 1122 2912 demum
1147 2860 1286 2912 omnem
1311 2839 1535 2935 temporalem
1560 2841 1598 2915 δι

415 2929 611 3004 secularem
632 2929 919 3026 jurisdistiunem,
944 2933 1079 3028 aliaque
1100 2931 1259 3023 servitia,
1286 2935 1323 3010 δι
1338 2936 1417 3032 jura
1436 2958 1599 3032 quaecun·

438 3029 532 3100 uead
544 3027 849 3194 cumgshatione
869 3027 1137 3104 disiaeldcclefiae
1146 3027 1355 3123 Trajesterrs
1371 3033 1405 3102 in
1417 3031 1569 3108 Civitate
1582 3085 1600 3119 ,.

455 3125 592 3216 ppldis,
660 3123 776 3207 astris,
810 3121 1005 3209 fortalitiis,
1036 3127 1154 3211 terris,
1187 3128 1293 3210 locis,
1331 3125 1519 3213 Dominiis,
1554 3127 1595 3204 &

413 3219 560 3312 utrique
578 3221 710 3311 patriai,
736 3237 806 3292 tam
832 3217 1107 3313 Transyssellana
1132 3245 1234 3318 quam
1256 3217 1493 3316 Cysyffellana
1506 3247 1597 3320 prae·

414 3313 537 3398 distis,
570 3314 833 3404 quomodolibet
852 3311 1105 3410 spectabant&
1125 3313 1362 3410 pertinebant,
1387 3339 1467 3390 cum
1485 3322 1597 3392 omni·

263 3405 269 3416 '
414 3410 480 3481 bus
497 3408 534 3482 δι
551 3403 689 3502 singulis
707 3431 826 3482 eorum
849 3413 1065 3506 pertinentiis
1089 3411 1125 3483 dt
1149 3410 1414 3506 appendentiis,
1437 3435 1479 3487 ac
1497 3415 1594 3489 libris

414 3503 601 3577 feudorum
620 3501 657 3574 δι
673 3505 1024 3588 redituum3cbartis‚
1045 3503 1214 3604 registris,
1239 3511 1436 3604 computis,
1461 3507 1594 3584 &aliis

411 3598 591 3697 scripturis
609 3597 773 3692 praemilsa
784 3605 1090 3676 concernentibus.
1117 3601 1266 3696 praefato
1282 3603 1468 3679 Canobo
1480 3602 1590 3701 Regi,

412 3715 575 3792 tanquam
600 3693 794 3768 Brabantiae
820 3695 912 3770 Duci
940 3696 976 3768 δι
1003 3697 1203 3772 Hollandiae
1221 3699 1372 3782 Comiti,
1425 3725 1464 3774 ro
1490 3701 1523 3774 se
1550 3703 1590 3778 δι

407 3788 652 3866 saccellorlbus
676 3790 838 3866 Ducibus
864 3791 1061 3865 Brabantire
1087 3796 1123 3867 &
1147 3795 1343 3868 Comitibus
1404 3798 1588 3884 ollandiae,

409 3885 468 3964 stu
487 3885 558 3983 ejus
579 3909 664 3960 tunc
681 3887 838 3983 legitimo
855 3892 1093 3984 procuratori,
1115 3887 1177 3962 sub
1195 3887 1282 3962 sedis
1300 3890 1511 3986 Apostolicae
1529 3895 1588 4058 ble-

833 4021 839 4036 ·
1469 4009 1539 4080 nep
1555 4010 1592 4060 a·

451 4091 515 4178 (3)
538 4091 677 4176 Subsidio.
695 4091 740 4158 V.
752 4091 802 4186 'de
819 4091 877 4160 W.
890 4092 1062 4178 sabfidirrm.
1082 4096 1125 4164 Et
1140 4095 1250 4174 telle,
1263 4097 1479 4182 quantumvis
1493 4099 1592 4184 Lap·

408 4179 486 4261 plus
504 4177 537 4240 iu
558 4195 601 4262 ap
629 4174 707 4244 end.
727 4191 786 4242 crt.
806 4176 912 4260 legat:
933 4177 1069 4259 sulfidlo.
1127 4215 1129 4220 ·
1273 4243 1276 4252 ,
1602 4227 1608 4240 .

406 4259 588 4409 sedilias?
608 4267 650 4328 r'rr.
667 4259 711 4326 V.
728 4258 771 4328 de
793 4261 852 4330 W.
870 4260 981 4346 findo.
1000 4262 1149 4347 Lappius
1175 4277 1279 4346 prout
1300 4263 1335 4328 iu
1355 4264 1434 4331 eud.
1455 4263 1593 4334 nostro..

448 4426 512 4509 (5)
537 4426 731 4521 Quacumque
749 4425 792 4491 od
805 4445 880 4522 tum.
901 4425 946 4522 ll.
962 4425 1073 4498 deW.
1094 4445 1300 4514 quarumque,
1319 4446 1397 4513 que.
1437 4427 1493 4496 Τὸ
1509 4446 1595 4514 quo„

404 4507 567 4578 abundat.
588 4509 739 4594 Lappttrs
756 4509 854 4596 legit,
877 4525 929 4583 un
947 4527 1026 4587 nos..
