4660 5840
630 569 1399 688 pennosrnrnntnntn.
1544 609 1626 700 139

436 771 513 846 vite
525 767 701 845 discedere
719 767 833 842 voluit
853 790 945 840 enno
964 775 1066 846 11⁶8.
1142 769 1273 863 siquem
1291 766 1482 843 pataviensi
1499 769 1626 848 neele.

438 866 494 948 sse
515 869 610 944 annin
638 865 785 964 sedecim
809 859 848 946 δι
872 863 1083 956 salzburgen
1140 888 1291 960 quatuor
1314 864 1508 958 prefuisset.
1560 868 1623 954 snt

435 963 533 1042 eadit
560 962 709 1040 ininius
737 959 844 1038 seculi
867 958 1169 1046 consuetudinem,
1189 957 1374 1056 Princeps.
1400 960 1620 1052 Monnenus.

437 1056 581 1140 Abbir,
604 1052 840 1150 Praepofltur,
875 1057 944 1133 &n
969 1054 1160 1132 Bucheiine
1194 1053 1315 1134 diserte
1353 1049 1497 1140 scribit,
1549 1059 1622 1164 uod

435 1151 574 1232 Conrado
602 1151 638 1228 in
665 1147 888 1244 proepofiture
910 1146 1122 1240 successerit,
1155 1151 1218 1244 qui
1254 1148 1409 1256 seqnitnr
1435 1082 1620 1245 Godrjqridtr

434 1249 473 1326 dr
488 1247 629 1324 Rhtnrn.
678 1245 986 1338 anennurgrue,
1018 1265 1096 1338 qun
1117 1246 1163 1320 de
1189 1245 1321 1322 comedi
1349 1243 1455 1339 stirpe
1479 1247 1621 1323 eonfor-

435 1343 504 1420 mia
521 1339 659 1426 scribit,
683 1337 840 1418 hauserat
851 1361 894 1419 ex
912 1339 980 1417 elio
995 1335 1104 1416 sonte.
1153 1337 1255 1414 Nihil
1272 1338 1368 1418 dedit
1383 1341 1479 1436 qnod
1491 1341 1620 1424 eoden-

434 1438 519 1514 dun
555 1433 621 1510 fir:
654 1435 840 1531 nequidem
878 1457 923 1508 err
956 1434 1151 1528 appendite
1184 1431 1389 1514 Edistorunt
1427 1438 1618 1528 provincie

433 1527 561 1622 Ultrtj.
585 1549 670 1606 torn.
698 1551 729 1608 r.
752 1551 789 1625 p.
816 1547 897 1621 752.
921 1527 983 1603 nbi
1007 1527 1232 1622 nescioquas
1255 1527 1617 1612 coercitionesdrnd

432 1624 583 1701 ditiones
597 1626 760 1713 daturus,
786 1621 928 1700 destruit
941 1645 1021 1718 quae
1036 1625 1127 1703 rene
1146 1623 1307 1716 catalogo
1326 1622 1474 1706 inseruit.
1525 1627 1618 1720 Qun

435 1720 526 1790 enim
553 1714 641 1793 seret
670 1719 790 1794 doceri
815 1717 872 1802 se,
896 1719 993 1812 quod
1018 1718 1178 1796 conradus
1205 1715 1316 1796 ranna
1339 1716 1381 1794 sit
1409 1717 1620 1814 Praeposrtur

435 1813 580 1907 Majorit
603 1837 694 1890 enno
722 1816 826 1902 1¹48·
854 1816 911 1886 vel
941 1831 1042 1904 1149.
1074 1833 1178 1906 quern
1213 1816 1318 1890 talern
1343 1811 1442 1893 feisse
1469 1820 1620 1896 triennio

435 1929 495 1990 eut
518 1911 745 2000 quadriennio
763 1923 862 1990 ente,
888 1929 960 1980 non
976 1907 1103 1982 audeat
1122 1909 1272 2001 negares
1466 1973 1470 1984 .

483 2003 597 2080 xvlr.
631 2001 939 2095 Gonnrnrnnr
969 2021 1030 2078 ne
1065 2001 1263 2076 Rnennr
1298 1998 1367 2084 suit
1404 2000 1616 2099 Preposrtur

436 2097 579 2192 Majorit
600 2120 691 2172 enno
717 2119 820 2188 1154.
846 2097 881 2174 in
903 2099 1064 2192 catalogo
1079 2096 1263 2186 Matthoei,
1289 2099 1558 2189 &ann01155.
1583 2105 1619 2174 in
1758 2131 1768 2149 ·

436 2193 569 2266 Charta
583 2192 754 2268 Hermenni
773 2191 806 2268 Ε
834 2191 963 2286 iscopi.
984 2213 1088 2286 qnam
1108 2192 1206 2266 dedit
1225 2191 1317 2268 idern
1334 2192 1463 2272 Matth.
1489 2199 1532 2272 de
1546 2193 1618 2286 Jur.
1758 2253 1768 2275 .

435 2285 543 2362 Gran.
568 2308 603 2380 p.
632 2309 711 2375 119.
735 2288 773 2361 δι
801 2215 894 2380 seqq.
918 2285 1045 2360 Festus
1070 2281 1119 2360 est
1142 2284 1340 2381 Episcopus
1368 2286 1617 2382 Ultrajediinue

433 2405 526 2460 enno
558 2387 659 2468 1156.
687 2388 785 2477 juxta
818 2381 948 2454 Beknrn
980 2383 1018 2456 &
1050 2379 1201 2456 Hedem.
1252 2382 1358 2456 Unde
1392 2385 1618 2479 corrigendus

433 2474 577 2568 joannis
597 2475 703 2553 Bene
726 2477 900 2572 interpres
925 2475 1056 2570 Belga,
1081 2474 1141 2570 qui
1165 2479 1237 2572 ejus
1256 2475 1488 2570 episcopatum
1511 2479 1620 2558 resert

432 2575 479 2650 ed
507 2593 561 2646 an.
597 2591 700 2662 1171.
734 2575 827 2666 apud
853 2571 1168 2646 inattenuata.
1204 2591 1288 2646 ton.
1322 2591 1356 2661 5·
1381 2594 1462 2666 ptg.
1498 2577 1553 2650 80.
1577 2574 1622 2652 In

435 2665 617 2745 Chronico
641 2665 749 2742 latino
766 2668 813 2744 est
832 2689 884 2740 en.
915 2673 1016 2754 ¹¹56·
1040 2663 1196 2738 Annlesi.
1219 2685 1302 2740 torn.
1328 2691 1361 2754 9.
1388 2690 1423 2761 p.
1442 2669 1621 2761 appono

435 2859 483 2936 rn
497 2877 644 2954 nempe,
671 2855 760 2932 des.
787 2855 1001 2942 salvatoris,
1026 2854 1063 2928 id
1086 2758 1622 2965 gnfipfflffiagtmffir

436 2761 486 2842 est
504 2760 697 2846 secundus,
722 2763 782 2854 qui
799 2786 863 2854 per
882 2763 1029 2836 duorum
1048 2783 1085 2834 ee

433 2949 616 3043 codefridus
635 2949 840 3046 episcopus,
865 2954 914 3024 nti
929 2953 984 3024 vir
1002 2949 1152 3043 ingentis
1166 2952 1293 3060 enrmip
1316 2951 1462 3032 donavit
1485 2957 1619 3048 capitu:

430 3048 471 3122 lo
489 3043 634 3138 Majotie
658 3050 827 3142 oppidum
852 3048 998 3132 sibenen.
1023 3045 1117 3122 unde
1142 3066 1257 3122 ortem
1282 3047 1390 3126 traxit
1419 3050 1457 3126 δι
1480 3071 1619 3126 nornen.

436 3140 538 3218 Obiit
552 3165 642 3218 anno
667 3161 767 3233 ¹177·
788 3141 888 3235 juxta
902 3139 1053 3214 Bekern:
1080 3161 1173 3214 enno
1203 3146 1306 3220 1188.
1328 3142 1427 3236 jueta
1455 3141 1618 3230 Heriem,

434 3239 472 3312 dr
497 3235 677 3312 Beckenb.
702 3236 812 3308 Addit
836 3235 1046 3320 Encheliae.
1080 3238 1250 3330 giganteae
1281 3235 1418 3312 steturae
1440 3241 1618 3316 hominen

435 3325 556 3410 suiffe.
580 3351 621 3404 ut
639 3351 684 3402 ex
711 3327 816 3424 ipsrer
835 3325 956 3424 capitis
976 3329 1115 3414 craneo,
1139 3328 1278 3427 aliisque
1295 3331 1419 3406 oritus
1450 3334 1557 3417 olim,
1583 3333 1618 3410 se

433 3423 670 3504 adolescente.
693 3446 784 3496 anno
803 3447 928 3518 nempe
956 3431 1057 3511 1580.
1082 3425 1268 3519 sepulchro
1289 3427 1417 3511 erutis,
1442 3428 1616 3522 apparuit,

486 3517 619 3594 xviri.
640 3517 1397 3614 GonnrnrnoePraepofiteeanno1156.
1423 3520 1617 3616 subseripfit

436 3614 579 3691 Chartae
594 3611 755 3707 Grdefridi
774 3610 928 3708 episcopi
955 3615 1046 3724 epnd
1087 3613 1214 3688 Metth.
1246 3616 1290 3690 de
1310 3611 1432 3688 Nobis.
1470 3641 1506 3714 p.
1530 3639 1613 3711 459,
1759 3644 1768 3660 .

433 3715 663 3806 cognomen,
688 3706 711 3780 fi
730 3706 828 3802 qood
844 3709 984 3793 hebuit,
1006 3729 1141 3876 ignoro.
1190 3707 1277 3784 Non
1294 3709 1401 3786 refert
1417 3713 1514 3806 quod
1530 3712 1616 3807 ejus.

437 3809 515 3882 dern
545 3829 626 3880 eunt
650 3803 815 3898 episcopo
841 3805 990 3877 nominis
1041 3825 1067 3876 t.
1117 3804 1174 3876 An
1194 3805 1253 3899 qui
1275 3805 1310 3876 in
1328 3807 1393 3878 hac
1414 3811 1546 3882 Charta
1564 3811 1617 3884 lo·

437 3901 556 3992 quitur
586 3897 787 3994 episcopus,
820 3901 922 3975 etiarn
947 3921 1119 3991 tamqnam
1138 3893 1346 3993 Praeposrtus
1378 3897 1553 3985 seresii,
1578 3901 1618 3975 dr
1748 3915 1751 3924 ⁴

434 3993 550 4071 ridern
581 3991 794 4068 subscribat?
820 3990 906 4066 Non
934 3993 1073 4066 arridet.
1122 3991 1204 4070 Scio
1230 3993 1272 4068 Α.
1297 3993 1506 4070 Matthaeum
1534 4018 1617 4088 pa.

436 4085 1392 4183 praeced.nempe458.huicChartaeattribuisseannurn
1404 4087 1553 4162 M.C.L
1605 4139 1616 4166 .

440 4181 512 4256 Sed
531 4181 631 4258 mare.
657 4179 786 4278 Neque
809 4184 899 4254 eninr
915 4183 974 4256 ille
989 4181 1056 4254 suit
1071 4203 1178 4256 annus
1201 4181 1363 4276 Godefridr'
1378 4181 1533 4277 episcopi
1554 4191 1619 4276 pri·

439 4298 530 4366 nor,
555 4301 658 4372 qnem
677 4277 810 4350 Charta
830 4275 1007 4372 perspicue
1024 4297 1130 4348 notet.
1156 4275 1204 4351 Et
1223 4298 1343 4350 ntnon
1363 4278 1451 4350 mele
1474 4276 1620 4374 scriptis·

433 4369 510 4460 (ει,-
534 4370 667 4469 semper
679 4373 771 4450 soret
785 4371 918 4448 Charra
933 4368 1091 4538 Grdrgridi
1106 4371 1271 4470 episcopi
1321 4369 1361 4450 sn
1380 4373 1619 4480 numerieplu·

1054 4485 1074 4536 2
1513 4486 1621 4540 remes
