4660 5840
482 603 485 608 ’
587 551 998 686 PRAEPOSITI
1046 542 1374 671 MAIORIS·
1492 569 1573 670 143

387 803 496 882 Maie.
524 767 863 869 durescerent
889 783 969 840 cum
994 755 1078 832 esset
1109 749 1257 834 Romae,
1280 769 1346 844 per
1372 740 1571 836 mmmm

387 899 492 980 VIII.
517 880 667 965 ecclesie
688 853 1073 1032 Leodienfitpraefeiiue
1089 849 1168 924 fuit.
1192 845 1285 918 Vide
1302 830 1506 914 ssucn'euum
1524 841 1570 912 ed

385 994 529 1073 Hedam
542 1003 624 1081 pag.
644 994 728 1066 131.
747 963 786 1039 &
804 959 870 1035 Ho

383 1086 604 1288 feavillaeum

906 953 1031 1031 emium
1050 949 1139 1041 Cap.
1157 963 1215 1032 25.
1231 940 1293 1034 qui
1307 937 1354 1012 est
1368 933 1461 1029 apud
1477 933 1571 1005 Cha·

626 1092 712 1148 tom.
738 1085 772 1138 1.
795 1080 834 1155 p.
862 1057 944 1148 336.
968 1044 1073 1120 Obiit
1099 1061 1170 1114 non
1197 1035 1324 1110 eodem
1349 1053 1439 1106 anno
1465 1048 1590 1118 rpem·

335 1260 336 1263 t
411 1203 569 1267 veneno,
591 1189 632 1246 ut
651 1165 799 1241 volunt,
823 1139 1036 1311 exstiniiusg
1057 1137 1118 1211 sed
1154 1155 1245 1208 anno
1273 1148 1378 1222 1301.
1398 1141 1570 1209 exeunte,

383 1305 425 1360 ut
439 1281 540 1358 estin
556 1269 630 1345 e'us
643 1255 823 1358 epitaphio
837 1250 875 1321 in
888 1241 984 1316 Gall.
1038 1232 1134 1308 brist.
1153 1251 1239 1302 nou.
1253 1226 1338 1299 edit.
1349 1244 1436 1298 tom.
1454 1220 1567 1309 3.col.

384 1385 468 1473 893.
485 1373 531 1447 E.
587 1354 778 1448 omenejm
797 1332 1026 1420 diversrmode
1049 1329 1214 1422 scriptum
1237 1320 1364 1414 reperi.
1411 1313 1508 1388 Num
1530 1315 1569 1386 in

382 1475 469 1550 Rer.
495 1465 665 1539 German.
688 1449 807 1541 script.
822 1429 1055 1513 aMeibomio
1069 1421 1194 1504 editis,
1218 1435 1315 1491 tomo
1338 1436 1370 1488 r.
1389 1433 1471 1508 pag.
1485 1429 1568 1502 395.

693 1548 731 1614 '.
755 1543 800 1612 de
817 1528 948 1608 Marka
986 1524 1034 1596 ita
1050 1522 1150 1616 lego:
1176 1514 1292 1590 Eodem
1321 1530 1403 1581 oeno
1418 1505 1569 1601 (nempe

489 1659 505 1755 )
656 1644 693 1715 dr
727 1632 899 1714 Cabillono,
932 1615 1103 1711 Episcopus
1126 1603 1300 1699 Leodirnfir
1325 1605 1368 1676 od
1392 1603 1567 1693 Etosrsturrt

552 1770 584 1820 m
613 1733 822 1828 transfertur:
855 1723 894 1797 δι
921 1711 1073 1790 Adolfus
1103 1709 1148 1783 de
1171 1702 1368 1796 Waldegge
1387 1691 1568 1790 praepofirar

380 1763 588 1951 11ίὲ1111111
607 1826 752 1926 Ecrsefiae
770 1809 927 1908 Leodirnst
941 1829 995 1905 per
1012 1802 1212 1916 Bonifatium
1228 1798 1368 1872 odedum
1381 1787 1567 1886 preficitur,

380 1952 422 2026 In
443 1945 605 2034 catalogo
621 1917 890 2021 Praepofitorum
912 1905 955 1980 B.
979 1903 1109 1978 Manae
1123 1895 1213 1970 inira
1227 1917 1262 1966 n.
1287 1887 1385 1963 XIV.
1407 1884 1569 1960 scribitur

380 2050 418 2121 de
437 2037 599 2130 Waldegr,
646 2021 757 2098 Porro
781 2028 881 2086 notat
897 2001 1072 2078 Henricur
1099 1988 1314 2067 Meibomiur
1341 1981 1472 2066 senior,
1497 1981 1568 2053 loc.

382 2146 441 2215 cit.
465 2155 547 2232 pag.
572 2145 655 2217 421.
689 2117 753 2190 iin.
785 2111 850 2182 ult.
883 2097 981 2195 quod
1008 2091 1143 2184 Arripit
1163 2103 1271 2160 mater
1293 2079 1443 2166 Heleno,
1460 2073 1570 2148 suerit

384 2234 458 2310 filia
476 2215 692 2304 Murchionie
717 2187 1068 2288 brandenburgensis.

432 2328 540 2404 Circa
552 2319 640 2393 duos
654 2303 814 2404 proxime
825 2296 1005 2386 sequentes
1016 2273 1379 2374 Praepofitosmagne
1388 2264 1437 2338 est
1447 2260 1570 2338 0011111·

385 2426 457 2513 fi0,
492 2419 530 2494 &
552 2435 597 2489 ex
620 2393 878 2504 permutatione
897 2377 1212 2466 commixtioneque
1232 2369 1411 2441 nominum
1429 2357 1570 2433 familiae

385 2525 565 2602 Horrore,
589 2503 698 2579 muita
713 2487 920 2568 obscuritate
935 2475 1112 2552 involutus
1131 2467 1180 2542 est
1194 2465 1304 2547 ordo,
1329 2477 1401 2554 quo
1417 2455 1494 2549 quis
1511 2453 1571 2527 cni

384 2608 548 2694 succesit.
597 2582 888 2678 Drakenburgius
909 2574 1002 2648 vidit
1016 2562 1276 2644 difficultatem,
1300 2553 1450 2629 sedeam
1470 2549 1572 2645 supe·

384 2733 461 2790 rare
480 2723 550 2779 non
569 2695 711 2775 veiens,
736 2703 809 2758 reru
827 2675 1019 2750 intricatam
1046 2661 1201 2754 reliquit.
1251 2649 1357 2726 Ponit
1382 2643 1455 2743 ipse
1476 2641 1573 2734 Grsei·

386 2813 509 2884 11111111
524 2786 752 2886 Praepofitum
770 2773 826 2849 ad.
846 2772 883 2844 d.
901 2788 936 2861 7.
961 2760 1048 2854 Maji
1066 2775 1170 2848 1303.
1193 2748 1397 2822 Wsidmum
1413 2742 1450 2812 dr
1465 2739 1576 2812 Home

386 2901 489 3003 ponit
504 2892 605 2988 hujus
621 2872 862 2958 successorem,
887 2881 993 2960 quem
1016 2843 1215 2928 occubuisse
1244 2842 1329 2918 dicit
1350 2858 1441 2912 anno
1469 2855 1574 2927 1304.

388 3005 426 3075 iu
442 2981 661 3070 Dareiandie
672 3002 684 3063 3
708 2991 784 3047 tum
798 2961 935 3059 subjicit
958 2949 1182 3047 [ingelbertum
1205 2939 1243 3012 de
1269 2938 1378 3012 Horut
1405 2930 1449 3006 ad
1466 2950 1578 3002 annos
1671 3005 1674 3012 .

739 3067 888 3140 duntans
909 3071 1043 3132 tamen,
1075 3040 1173 3140 quod
1191 3031 1379 3108 Bucherius
1393 3029 1489 3102 hunc
1506 3041 1575 3096 ter·

1055 3161 1111 3214 an.
1139 3125 1372 3228 1301111311
1401 3123 1576 3211 ud1307.

392 3306 465 3382 quo
492 3281 617 3368 laqueo
645 3289 664 3338 a
1074 3233 1221 3306 fateatur
1246 3223 1374 3297 nescire
1398 3217 1454 3305 se,
1490 3211 1579 3308 quid

393 3389 438 3456 de
452 3370 590 3448 dnobus
616 3354 792 3456 prioribus
811 3338 1028 3418 statuendum
1055 3327 1117 3402 fit:
1144 3325 1183 3399 δι
1214 3341 1328 3394 tamen
1340 3366 1353 3404 ,
1376 3309 1486 3386 stante
1510 3311 1578 3384 hac

391 3464 649 3568 implicatione,
681 3445 815 3540 subjicit
839 3433 1054 3510 Theodericum
1082 3415 1337 3515 Praeposrtum,
1383 3405 1453 3480 fine
1484 3424 1577 3478 anno

394 3590 455 3646 aut
472 3565 540 3638 die.
573 3543 782 3628 Heussenius
799 3535 899 3609 aliem
912 3523 1106 3622 ingreditur
1118 3518 1232 3598 viam,
1254 3513 1291 3582 in
1307 3527 1375 3602 qua
1388 3524 1453 3576 nec
1469 3516 1579 3593 caput

396 3685 464 3743 nec
479 3679 544 3756 pes
564 3661 730 3745 apparet,
764 3654 804 3707 ut
822 3629 898 3702 sunt
912 3625 1080 3718 pleraque
1098 3613 1182 3708 ejus.
1230 3605 1288 3679 En
1307 3603 1381 3697 ejus
1399 3597 1575 3670 ordinem:

395 3789 418 3843 r,
444 3751 651 3848 Engeiberrur
671 3725 881 3828 Praepoiitue
910 3721 947 3796 δι
963 3715 1074 3788 Arch.
1099 3705 1198 3800 Traj.
1215 3703 1251 3774 in
1278 3697 1401 3774 litteris
1423 3694 1467 3765 de
1484 3707 1579 3763 anno

396 3902 419 3938 „
446 3866 550 3945 1301.
574 3839 636 3914 lib.
652 3834 720 3908 alb.
745 3849 801 3917 71.
820 3817 1041 3914 argerimus,
1065 3803 1149 3881 alibi
1166 3796 1352 3872 Wiheimos
1367 3791 1411 3863 de
1426 3787 1577 3870 Hoorn,

397 3996 420 4034 ,,
444 3947 532 4023 obiit
549 3961 605 4010 20.
629 3935 707 4006 dec.
733 3918 920 3995 Wrtirimur
938 3910 975 3980 de
994 3905 1099 3977 Hoom
1127 3889 1330 3989 Praeposstus
1354 3905 1446 3960 anno
1471 3901 1576 3973 1304.

398 4090 423 4126 n
446 4033 611 4117 occubuit
631 3996 1127 4101 beiioZelandicosecundum
1143 3989 1290 4063 Hedam.
1316 3979 1525 4054 Theudoricus.
1551 3988 1577 4025 ‘⁶

397 4143 458 4218 De
479 4139 547 4210 hoc
561 4127 686 4200 ultimo
702 4137 781 4204 nou·
798 4105 926 4189 habet,
949 4095 1044 4191 quod
1062 4087 1207 4164 adferat.
1257 4077 1358 4154 Adde
1382 4079 1453 4171 jam
1481 4068 1581 4166 quod

400 4233 607 4330 Engriberrur
633 4213 673 4291 &
699 4206 899 4286 ibrudorr'rur
929 4194 966 4267 in
995 4181 1141 4264 Brockii
1168 4177 1253 4253 MS.
1275 4188 1463 4251 occurant,
1489 4164 1578 4240 Wrs·

402 4333 515 4408 brimus
529 4341 601 4396 non
624 4317 717 4388 item.
767 4299 924 4374 Adverte
941 4285 1092 4384 pariter,
1115 4273 1211 4374 quod
1227 4267 1415 4346 Buchelius
1443 4259 1577 4335 Wiihei·

404 4448 488 4562 111111
515 4412 695 4513 reiecerit,
721 4401 804 4476 dum
826 4393 871 4468 ud
895 4375 1216 4550 Hedarlnascribene
1238 4391 1276 4466 p.
1310 4385 1331 4438 1
1358 4382 1390 4454 3.
1415 4355 1584 4544 “stiffi
1735 4401 1773 4485 ,ἶ

1324 4565 1330 4586 η’
