4660 5840
414 551 416 556 Ι
550 605 1148 710 TRANSL.PATR1AE
1173 605 1518 717 Tarraca.
1558 639 1640 731 109

453 829 517 904 per
534 804 707 882 censuram
722 797 980 878 ecclesiasticam
999 797 1232 896 appellatione
1256 795 1448 894 postpositi
1476 801 1635 898 compes-

453 916 584 992 cendo:
612 938 682 987 non
706 911 921 988 obstantibus
946 906 1006 982 fel:
1035 911 1171 983 record:
1191 902 1335 980 Paunr
1358 903 1464 1001 Papae
1489 908 1633 985 secundi

449 1022 707 1118 predecessoris
739 1019 869 1107 nostri,
902 1016 1150 1113 &quibusvis
1183 1013 1259 1085 aliis
1283 1013 1495 1110 Apostolicis
1525 1019 1629 1091 etiam

449 1133 486 1204 in
506 1131 676 1208 Conciliis
701 1130 919 1226 generalibus
942 1129 1066 1214 editis,
1093 1124 1196 1201 etiarn
1217 1120 1340 1195 slmiles
1358 1125 1632 1222 approbationes

449 1237 526 1313 lieri
555 1240 843 1336 prohibentibus,
868 1235 1196 1322 constitutionibus,
1221 1253 1286 1306 nec
1312 1255 1382 1306 non
1401 1235 1567 1331 Maioris,
1591 1235 1631 1310 dt

449 1347 682 1424 Eccleliarunr
700 1349 841 1424 aliarum
865 1346 1111 1444 praedisiarum
1126 1345 1340 1442 juramento,
1366 1345 1632 1424 confirmatione

451 1461 656 1556 Apostolica
674 1458 730 1533 vel
746 1460 872 1555 quavis
888 1458 1049 1532 firmitate
1067 1456 1135 1532 alis
1151 1453 1322 1528 roboratis
1332 1452 1481 1541 statutis,
1494 1459 1531 1533 dr
1548 1479 1633 1533 con·

449 1569 703 1656 suetudinibus,
729 1569 916 1664 privilegiis
938 1589 1078 1664 quoque
1093 1564 1130 1637 δι
1148 1563 1288 1636 indultis
1304 1561 1516 1655 Apostolicis
1535 1565 1630 1662 (13)

449 1677 629 1774 Episcopo
656 1675 870 1770 Trajettensr
900 1699 967 1772 pro
997 1696 1153 1770 tempore
1180 1669 1359 1756 existenti,
1395 1673 1432 1747 δε
1460 1673 1629 1748 diliarum

446 1787 678 1862 Ecclefiarum
694 1782 868 1882 Capitulis
887 1783 950 1856 sub
968 1783 1240 1882 quibuscumque
1259 1781 1436 1854 tenoribus
1455 1779 1630 1858 &formis

345 1985 348 1992 Ι
445 1899 626 1984 conceliis,
658 1892 863 1993 approbatis
888 1894 927 1968 dr
951 1892 1127 1970 renovatis
1155 1898 1269 1986 (14):
1295 1893 1420 1988 quibus
1445 1896 1626 1978 omnibus,

443 2026 581 2084 tenores
604 2010 740 2082 illorum
767 2004 993 2102 praesentibus
1009 2027 1077 2101 pro
1093 2007 1299 2082 sufficienter
1318 2009 1479 2102 expressis
1498 2009 1627 2086 haben·

444 2138 520 2203 res,
543 2119 631 2206 illis,
643 2117 727 2193 alias
741 2114 776 2188 in
793 2117 855 2190 suo
872 2119 997 2192 robore
1013 2117 1263 2215 permansuris,
1290 2117 1354 2188 hac
1369 2121 1446 2190 vice
1460 2119 1629 2198 duntaxat

445 2227 639 2322 specialiter
658 2229 695 2303 &
713 2225 867 2321 expresse
889 2227 1114 2323 derogamus,
1141 2228 1325 2302 contrariis
1345 2225 1626 2324 quibuscunque,

446 2335 543 2413 autsr
560 2338 753 2434 aliquibus,
778 2339 1006 2411 communiter
1029 2341 1087 2411 vel
1110 2337 1247 2413 divisam
1269 2337 1313 2410 ab
1335 2337 1457 2409 eadem
1483 2338 1524 2412 stt
1545 2339 1627 2415 sede

448 2449 646 2535 indultum,
671 2450 766 2545 quod
782 2447 962 2533 interdici,
986 2445 1165 2544 suspendi,
1181 2454 1237 2524 vel
1252 2449 1541 2522 excommunicari
1556 2474 1627 2528 nou

444 2557 571 2654 poslint
590 2581 655 2655 per
671 2561 788 2633 literas
810 2557 1054 2653 Apostolicas,
1080 2582 1150 2633 non
1169 2557 1336 2634 facientes
1356 2561 1492 2654 plenam
1512 2562 1551 2637 ἃ
1566 2585 1626 2639 ex·

443 2667 613 2767 pressam,
637 2688 678 2739 ac
697 2666 796 2766 (15)
813 2670 858 2742 de
879 2666 990 2742 verbo
1016 2669 1062 2742 ad
1086 2667 1250 2757 verbum,
1276 2670 1319 2742 de
1343 2669 1479 2743 indulto
1506 2674 1625 2767 hujus-

442 2781 539 2854 modi
557 2778 777 2854 mentionem.
827 2775 930 2852 Nulli
950 2799 1035 2873 ergo
1055 2778 1199 2851 omnino
1222 2777 1400 2851 hominum
1415 2780 1516 2855 liceat
1535 2785 1627 2860 hanc

441 2892 601 2986 paginam
615 2885 740 2961 nostre
755 2886 1000 2974 absolutionis,
1025 2888 1309 2984 approbationis,
1328 2890 1599 2968 confirmacionis
1607 2946 1622 2984 ,

440 2999 683 3089 concellibnis,
718 2997 873 3084 decreti,
905 2999 1118 3076 mandati&
1141 2999 1378 3098 derogationis
1407 3003 1622 3102 infringere,

439 3113 497 3192 vel
513 3115 545 3188 ei
564 3110 647 3188 ausu
670 3113 853 3184 temerario
877 3112 1062 3184 contraire.
1119 3110 1157 3184 Si
1180 3113 1257 3208 quis
1278 3136 1394 3189 autem
1418 3116 1487 3190 hoc
1513 3139 1626 3194 atten-

448 3243 522 3299 tare
535 3216 807 3318 presumpserit,
822 3221 1098 3317 indignacionem
1114 3222 1364 3316 omnipotentis
1376 3223 1472 3310 Der,
1488 3249 1529 3300 ac
1543 3229 1625 3306 bea·

439 3351 555 3409 torum
562 3329 658 3404 Petri
668 3328 706 3403 δι
722 3321 821 3404 Pauli
831 3327 1079 3426 Apostolorum
1093 3330 1166 3425 ejus
1184 3328 1218 3401 se
1233 3335 1371 3407 noverit
1386 3333 1623 3415 incursurum:

322 3501 327 3509 .
438 3441 575 3517 Datum
590 3441 714 3514 Rome
729 3440 822 3534 apud
831 3437 995 3515 Sanslum
1004 3439 1143 3516 Petrum
1152 3438 1279 3527 ,Anno
1288 3439 1539 3520 incarnationis
1548 3441 1623 3522 Diri

437 3549 626 3628 Millelimo
642 3545 913 3648 quingentefirno
929 3551 1092 3629 vicesimo
1107 3574 1221 3646 nono,
1232 3558 1337 3632 tertio
1348 3557 1485 3632 decimo
1496 3559 1621 3637 Calen-
1638 3561 1641 3568 ’

437 3662 725 3763 dasSepternbris
734 3659 959 3740 Pontificatus
971 3664 1077 3741 nostri
1086 3687 1178 3744 anno
1187 3663 1295 3745 sexto.
1318 3666 1380 3743 Sic
1393 3667 1620 3766 scriptumsu·

1555 3803 1624 3877 pra

464 3961 561 4062 513)
580 3962 762 4062 aspostolicis.
779 3962 869 4034 Hac
887 3981 959 4033 vox
978 3965 1069 4036 abest
1085 3967 1127 4038 ab
1142 3969 1297 4038 editiooe
1311 3970 1356 4040 V.
1374 3969 1419 4038 de
1436 3971 1497 4041 W.
1523 3971 1619 4058 Lap-

436 4061 774 4131 pruseamrettnnrt.
1635 4103 1642 4116 .

503 4130 562 4213 14)
585 4129 765 4198 Renovotls.
782 4129 896 4198 Ambo
913 4130 1051 4217 legunt:
1073 4139 1243 4203 imbuatis.

504 4213 564 4298 15)
583 4212 630 4280 Ac
644 4212 679 4278 de
694 4213 785 4282 vardo
799 4212 841 4278 ad
858 4215 996 4286 uerbum
1015 4217 1069 4284 lta
1088 4236 1224 4306 quoque
1247 4216 1408 4308 Lappius.
1427 4219 1472 4290 V.
1491 4217 1536 4290 de
1554 4219 1621 4297 W.

437 4294 547 4366 mdes
566 4293 973 4371 maumoaduerlam.
1208 4331 1223 4358 a

1048 4395 1124 4482 Os
