4756 5860
689 560 814 745 ¹arto,
879 635 1413 732 TRACTATUS
1469 637 1743 734 SU'PER

760 830 794 900 9.
823 807 960 884 idcirco
974 805 1144 902 arreragia
1168 802 1208 878 δι
1226 806 1356 882 reditur
1376 807 1455 898 ¹celii
1473 807 1592 906 'ejusce
1613 808 1828 892 fmdtaonit
1845 836 1907 892 na·

713 924 889 990 merentur
905 895 949 977 or
967 901 1194 994 refundantur
1218 899 1363 996 eisdem.¹
1876 951 1881 964 ·

769 1025 822 1076 ro.
847 993 928 1073 Erit
951 997 988 1071 in
1013 1001 1158 1091 optione
1179 995 1440 1094 uniuscujusque
1465 997 1649 1086 Ecclesia,
1666 1001 1791 1078 omnia
1815 1001 1909 1088 bona

706 1097 774 1174 'sua
798 1099 905 1172 ubicu
993 1119 1013 1167 e
1037 1097 1193 1166 locorum
1213 1089 1298 1180 fita»,
1323 1097 1381 1166 vel
1407 1095 1451 1168 au
1478 1094 1574 1168 usum
1599 1099 1781 1192 proprium
1804 1098 1909 1172 reser-

717 1219 824 1279 vare,
858 1190 915 1268 vel
977 1191 1018 1262 iis
1040 1189 1204 1276 elocare,
1232 1185 1430 1262 &frusino
1457 1209 1623 1287 agrorum
1650 1213 1710 1267 aut
1740 1191 1804 1270 irbi
1825 1193 1907 1291 ipfir

708 1292 886 1368 retinere,
911 1305 969 1360 aut
990 1280 1099 1358 libere
1114 1283 1225 1358 cuivis
1238 1285 1452 1372 venundare.

768 1403 823 1456 11.
850 1381 973 1476 ltaque
996 1381 1151 1454 liberum
1181 1381 1248 1454 erit
1272 1378 1437 1454 &doliis
1461 1383 1499 1458 &
1559 1379 1689 1457 ersonie
1719 1384 1907 1462 earundem

712 1477 880 1554 Decimus
899 1475 972 1550 suas
988 1474 1058 1550 five
1083 1473 1145 1548 sub
1169 1473 1400 1571 Imperatore,
1427 1476 1497 1552 five
1534 1477 1582 1552 ub
1611 1476 1757 1554 vasallis
1781 1481 1907 1556 consti.

712 1597 824 1664 tutas,
849 1571 918 1647 sine
944 1571 1489 1668 omni·impeoiment0,1ibere,
1513 1595 1725 1671 quocunque
1748 1577 1907 1651 locorum

713 1671 752 1745 in
769 1660 807 1748 &
827 1690 923 1741 extra
935 1669 1106 1742 ditionem
1120 1665 1347 1760 imperatoris
1373 1668 1610 1760 transvehere,
1633 1671 1673 1746 &
1693 1669 1907 1750 'musvestat

708 1765 772 1844 uel
796 1768 969 1856 retinere,
995 1766 1054 1837 vel
1072 1763 1229 1834 alienare.

768 1877 823 1936 12.
849 1855 928 1932 Pari
945 1859 1057 1931 forma
1068 1857 1218 1931 liberum
1236 1855 1304 1930 erit
1318 1853 1505 1942 Ecclesia,
1529 1856 1574 1931 de
1585 1855 1686 1931 bonis
1694 1854 1906 1932 Ecclesiasti-

703 1958 767 2039 ¹cis
788 1955 926 2048 litigare
948 1955 990 2029 &
1017 1951 1183 2048 prosequi
1205 1954 1252 2026 ad
1282 1973 1399 2027 eumin
1424 1953 1681 2048 beneplacitum
1709 1954 1906 2049 injudicio
1983 2029 1998 2054 ‚

710 2041 960 2127 Ecclefiastico
978 2071 1039 2122 ant
1054 2046 1230 2122 Saemrluri.

764 2169 821 2242 13.
843 2145 1041 2244 ¹Imperator
1067 2141 1289 2217 conservabit
1320 2142 1437 2216 omnia
1464 2144 1532 2218 alit
1552 2146 1629 2240 jrra
1658 2143 1699 2218 δι
1718 2141 1906 2240 privilegia

704 2247 795 2336 q'uae
829 2239 1002 2337 Episcopi
1039 2235 1276 2334 urajeoenses
1312 2251 1479 2334 tunquam
1512 2238 1661 2314 Domini
1690 2245 1907 2336 ‘temporales

707 2335 899 2422 Ecclesia,
921 2336 1080 2416 civitati,
1096 2333 1271 2431 oppidis,
1293 2331 1473 2423 Statibur,
1497 2336 1640 2434 populis
1660 2331 1821 2411 &terris
1847 2335 1907 2414 de·

702 2431 839 2508 derunt
856 2427 895 2504 iit
920 2429 1169 2506 concesserunt

763 2549 817 2622 14.
843 2527 965 2622 Itaque
981 2546 1195 2624 quecunque
1209 2523 1304 2599 boot
1320 2545 1387 2620 per
1404 2523 1594 2600 distristam
1612 2539 1803 2612 terrarum,
1827 2539 1908 2622 quae

710 2623 748 2700 in
761 2623 1021 2721 ¹temporalibus
1063 2645 1158 2697 nunc
1189 2620 1267 2696 sunt
1308 2641 1368 2694 aut
1393 2626 1570 2716 quondam
1596 2618 1736 2698 fuerunt
1762 2621 1908 2719 subjeeii

710 2721 897 2814 temporali
923 2715 1096 2792 Dominio
1125 2717 1296 2812 Episcopi
1320 2715 1582 2810 Trajestenfis.
1613 2717 1704 2811 justo
1734 2720 1838 2793 titulo
1861 2717 1908 2792 ad

706 2811 883 2890 Ecclesras
900 2831 959 2884 aut
974 2815 1127 2886 membra
1145 2833 1261 2884 earnm
1272 2811 1516 2891 devenerunt,
1539 2831 1644 2884 erunt
1657 2835 1704 2886 eo
1729 2814 1805 2910 ipso
1822 2813 1908 2888 libe·

581 2901 586 2919 “
707 2929 750 2980 ra
766 2911 804 2983 &
822 2910 1026 2980 amortizatt
1042 2907 1079 2980 &
1092 2908 1337 3000 incorporata,
1357 2902 1433 2976 slve
1452 2927 1493 2976 ea
1509 2903 1604 2976 bona
1627 2903 1760 2978 firerint
1787 2909 1907 2984 feuda·

707 3007 758 3078 ira
770 3003 842 3078 five
862 3003 1057 3086 allodialia,
1083 2997 1153 3074 sive
1178 3001 1280 3074 titulo
1296 2999 1475 3073 lucrativo
1501 2995 1734 3074 distrahantur
1750 3000 1822 3076 live
1838 3005 1909 3080 alio

712 3101 839 3198 quovis
866 3098 969 3171 titulo
979 3095 1081 3192 iusto.

764 3216 819 3284 rs.
843 3185 975 3287 Neque
1001 3211 1154 3286 anquam
1182 3187 1358 3285 impediet
1388 3185 1610 3286 imperaror,
1641 3215 1709 3268 nec
1737 3191 1908 3287 impedire

705 3293 912 3388 permittet,
928 3308 1215 3384 quoruncumque
1229 3303 1345 3359 rernm
1361 3309 1426 3380 per
1441 3289 1589 3362 eundem
1602 3286 1794 3363 distristum
1806 3286 1911 3364 sirum

709 3409 824 3463 tarum
844 3389 889 3460 ad
902 3383 1076 3458 Ecclesras
1092 3405 1157 3456 ¹aut
1172 3381 1330 3455 membra
1350 3383 1484 3456 illarum
1504 3383 1759 3459 dmmffionem
1778 3382 1815 3459 Gr
1827 3388 1909 3461 alie·

711 3485 908 3650 natiaonegr,
932 3479 1002 3554 sive
1020 3503 1084 3578 per
1108 3481 1247 3558 titulum
1270 3477 1479 3553 lucrativam
1496 3534 1508 3570 ,
1528 3477 1605 3556 slve
1627 3483 1820 3578 perusium
1845 3475 1910 3556 dis·

711 3601 765 3653 tra
802 3601 836 3651 lo
880 3597 926 3648 at.
1927 3593 1931 3600 ·

764 3681 821 3746 16.
846 3671 976 3767 Neque
1005 3667 1049 3742 de
1074 3663 1238 3764 impensus
1258 3668 1332 3764 jam
1365 3667 1465 3744 facin
1497 3670 1557 3746 vel
1576 3667 1694 3744 adhuc
1725 3667 1847 3744 fiendis
1872 3669 1910 3742 in

1820 3783 1909 3862 prot·

706 3972 792 4056 qui,
814 3969 981 4046 ntvides,
1001 3985 1107 4036 onam
1124 3969 1556 4055 constituebantejulinodi
1574 3971 1693 4040 librom.
1712 3970 1910 4058 igitnrhaec

712 4057 791 4122 libro
810 4053 919 4122 suerit
932 4055 1084 4120 rotenus
1100 4053 1221 4120 decem
1240 4053 1443 4120 inferorum
1472 4053 1661 4124 dumtaxat.
1703 4054 1801 4121 Libro
1817 4055 1912 4121 Pori-

706 4138 822 4223 fienflr.
864 4137 991 4219 Neque
1026 4135 1118 4202 enirn
1144 4135 1279 4221 semper
1312 4139 1464 4202 florenos
1492 4135 1577 4204 fucit
1600 4139 1726 4224 viginti
1753 4137 1913 4206 stuferos.

709 4220 906 4305 Aliquando
940 4216 1091 4288 sedecim
1119 4217 1275 4286 stnforos.
1315 4219 1395 4286 Nec
1422 4219 1506 4284 ἰῶτα
1527 4222 1683 4304 aequtler.
1727 4221 1790 4286 Em
1838 4237 1910 4299 oro,

706 4323 801 4374 'unus
823 4307 985 4371 florenos.
1005 4301 1080 4367 Een
1093 4318 1263 4387 porugrmr
1280 4302 1338 4369 sorr
1352 4301 1483 4369 floreni.
1523 4303 1708 4386 videque
1727 4239 1852 4370 Matri.
1864 4303 1909 4369 de

709 4389 763 4466 his
777 4385 1027 4456 Analeetnorn.
1051 4403 1083 4452 a.
1102 4403 1179 4470 pag.
1202 4389 1277 4470 287.
1298 4385 1334 4454 &
1350 4387 1485 4538 decp'ure
1499 4385 1590 4485 gluti·
1609 4404 1687 4488 pag.
1699 4404 1769 4471 451.
1794 4385 1837 4453 Et
1852 4386 1910 4456 hie

704 4488 779 4540 non
797 4471 908 4558 agitur
940 4469 983 4540 de
1002 4469 1082 4536 libro
1107 4467 1289 4554 groffinum,
1312 4469 1373 4539 secl
1414 4468 1532 4538 eurora
1550 4465 1854 4556 urgmogrqsorum.
