4592 5798
525 492 787 658 nrsruau.
815 552 881 648 nt
908 550 1211 668 Quruouu
1230 543 1454 662 ausura
1482 567 1563 658 ac.
1591 595 1681 689 237

540 819 545 830 .
574 756 666 834 Item
689 753 949 832 Matriculariua
974 773 1015 832 ut
1045 751 1162 830 debite
1187 750 1300 850 pulset
1332 757 1605 860 solempnisendo
1615 797 1643 861 ,ε

527 876 633 930 uuum
647 850 800 952 grossum
812 869 885 928 vet.
1032 877 1035 888 ¹
1537 945 1541 956 Ι
1578 913 1584 926 ,
1636 779 1667 1036 ¹

572 1043 734 1121 Similiter
751 1007 1001 1120 Thesaurarinr
1021 1063 1129 1120 onum
1146 1019 1297 1141 grossrrm
1316 1060 1390 1120 vet.
1634 1044 1668 1248 ι

532 1297 536 1308 .
565 1201 744 1332 Receptor
765 1253 878 1310 autem
896 1235 1055 1330 Capituli
1067 1235 1128 1329 qui
1143 1230 1239 1306 dabit
1256 1231 1295 1308 de
1314 1232 1494 1316 distribuet
1513 1199 1621 1317 didiae

513 1327 800 1417 distribucionet,
825 1329 978 1406 absentes
1002 1331 1111 1403 eciam
1137 1351 1291 1414 notans,
1315 1353 1434 1426 preter
1456 1335 1532 1412 suas
1556 1335 1623 1411 dis·

515 1425 723 1504 tributiones
740 1429 843 1518 aiias,
868 1450 937 1504 tres
959 1427 1142 1523 stupheros
1168 1423 1408 1522 consequetur.

559 1615 759 1692 Ascendunt
778 1615 821 1692 be
837 1617 958 1692 ultime
977 1613 1238 1690 distributiones
1257 1577 1534 1713 Capelianorum*
1546 1622 1617 1701 &a

512 1713 555 1784 ad
569 1711 733 1788 summam
751 1716 1000 1810 quinquaginta
1020 1711 1057 1786 &
1083 1715 1184 1786 unius
1200 1711 1415 1790 stuserorum.

507 2021 532 2072 x
553 1902 690 2074 {rufam
712 1905 829 1982 totalis
854 1897 906 1982 est
932 1902 1086 2000 quinque
1105 1901 1332 1980 Florenorum
1349 1901 1613 1990 Renensrum&

535 2053 543 2072 .
589 2026 609 2074 U
629 2053 638 2072 ·

550 2187 638 2263 Asia
655 2185 902 2285 &approbata
923 2184 990 2260 suit
1007 2205 1205 2282 prenarrata
1222 2182 1476 2264 distribucionis
1492 2188 1604 2266 forma

501 2285 537 2356 in
555 2285 716 2360 omnibus
729 2283 766 2358 dr
788 2280 926 2393 singulis
947 2283 1013 2354 suis
1029 2281 1168 2377 ponciis
1180 2306 1243 2376 per
1255 2280 1601 2362 ReverendosDnos.

502 2377 683 2454 Decanum
703 2379 740 2453 δι
764 2377 965 2474 Capitulum
982 2399 1081 2452 anno
1099 2379 1142 2450 ab
1166 2379 1404 2453 incarnatione
1424 2380 1509 2456 Dni.
1528 2386 1602 2456 mil·

499 2474 616 2548 lesimo
640 2471 978 2572 quadringentesimo
1002 2469 1222 2567 nonagesimo
1247 2497 1341 2546 nono
1364 2474 1484 2548 menis
1513 2477 1602 2575 Maii

499 2569 714 2646 diedecima
741 2568 889 2665 septima
914 2587 954 2638 ut
981 2587 1081 2662 patet
1105 2591 1224 2662 aperte
1255 2590 1317 2660 per
1339 2568 1602 2647 instrumentum

498 2663 645 2766 desuper
663 2666 861 2744 confestum
878 2665 915 2740 δι
935 2661 1047 2758 figilio
1069 2664 1226 2758 Capituli
1242 2665 1503 2740 communitum.

566 2833 869 2934 Tu'nustrcro
893 2853 1047 2928 Benar
1073 2854 1304 2931 Snnvacrr
1324 2829 1524 2934 'nuruum

490 3046 664 3216 fissum
685 3045 913 3120 Transsaaionir
939 3047 1034 3120 Beati
1060 3047 1201 3119 Straucii
1227 3041 1410 3118 fundatum
1438 3069 1501 3141 per
1516 3047 1593 3122 Ma·

570 3141 712 3240 gistrum
729 3140 927 3216 Servacium
955 3143 998 3214 de
1025 3140 1127 3214 Mera
1153 3139 1368 3216 Canonicum
1394 3142 1498 3234 hujus
1525 3143 1593 3218 Ec-

488 3235 588 3312 clefie
608 3237 668 3311 sub
688 3239 822 3334 duplici
840 3231 946 3310 sesto.
971 3234 1067 3308 salvo
1084 3237 1180 3332 quod
1206 3221 1341 3332 semper
1361 3237 1593 3312 celebrabitur

487 3351 567 3406 cum
584 3355 712 3406 novem
730 3329 952 3406 Lediionibus
966 3330 1050 3425 post
1071 3331 1195 3404 festum
1217 3333 1413 3406 Trinitatis.
1464 3331 1590 3430 inquo

484 3427 648 3503 lucrande
676 3427 755 3502 sunt
780 3425 1093 3499 distributioneein
1120 3429 1279 3502 omnibus
1306 3427 1402 3502 horis
1429 3450 1536 3525 prout
1553 3434 1589 3505 in

484 3520 571 3600 sesto
587 3523 688 3598 Beati
705 3521 872 3600 Servacii.
899 3517 1053 3618 Require
1067 3521 1207 3596 ibidem.

798 3709 993 3789 Ferrum
1038 3709 1064 3808 J
1075 3732 1290 3790 euonrur.

571 3903 768 3979 Enerabilir
796 3902 911 3980 Dnue.
937 3901 1104 3998 Magister
1137 3901 1360 3996 Jheronimus
1387 3903 1434 3978 du
1471 3899 1587 3979 Blioul

593 3999 759 4074 Decanus
780 3996 817 4070 dr
832 3995 1009 4092 utriusque
1024 3997 1116 4090 Juris
1138 3997 1275 4072 Dostor
1303 3999 1439 4073 dotavit
1462 3995 1586 4074 festum

478 4093 591 4169 Sansti
617 4093 810 4186 jheronimi
835 4091 897 4168 sub
923 4094 1054 4186 triplici
1079 4089 1191 4181 festo,
1221 4093 1352 4190 legavit
1375 4091 1524 4166 Decano
1550 4093 1587 4168 δι

348 4193 350 4203 ’
473 4189 640 4287 Capitulo
656 4191 692 4263 in
707 4208 857 4286 quatuor
885 4188 984 4262 horis
998 4186 1292 4279 interessendbua,
1316 4211 1339 4263 a
1357 4187 1531 4284 principio
1542 4191 1586 4264 ad

472 4285 576 4368 finem
598 4281 704 4385 usque
728 4287 766 4365 ia
796 4283 920 4365 Charo
937 4284 1248 4482 permancfit}b131⁸2
1272 4287 1417 4383 (semim
1440 4281 1590 4458 Dema}
