4660 5840
678 599 761 692 142
874 565 1665 686 nnmuosinlmnioms.

677 768 812 936 gennis
824 765 937 934 Eifislii
955 766 990 840 T
992 765 1207 864 rajesiensis,
1230 764 1267 840 id
1285 767 1353 852 est.
1376 769 1503 866 primi,
1528 769 1565 844 δι
1591 775 1753 850 avunculi
1771 777 1874 880 hojum

727 884 832 934 ttonis
919 914 928 932 .

554 978 611 1036 nn.
736 956 867 1031 XXIV.
892 955 1030 1030 Orno
1054 955 1125 1030 Dei
1139 959 1249 1054 grstia
1269 958 1390 1054 Major
1413 960 1450 1032 in
1468 959 1632 1057 Trsjesio
1650 959 1875 1061 Praepofitus.

543 1067 630 1124 1205·
686 1053 743 1126 lta
768 1055 803 1126 in
825 1053 957 1126 Charta
982 1050 1131 1148 ejusdem
1160 1056 1261 1141 anni,
1293 1055 1469 1150 recognita
1493 1077 1559 1150 per
1576 1059 1726 1132 Orionem
1759 1063 1875 1158 Episc.

688 1145 845 1244 Trajeu.
872 1147 935 1222 iis.
953 1172 1007 1221 an.
1024 1169 1125 1236 ¹245·
1151 1150 1257 1244 Apud
1274 1149 1402 1222 Matth.
1420 1147 1574 1224 Analest
1600 1173 1684 1226 tom.
1702 1167 1736 1228 o.
1757 1178 1777 1228 a
1795 1181 1875 1254 psg.

696 1265 776 1338 133.
801 1244 856 1316 An
875 1243 931 1317 hic
954 1241 1058 1318 fuerit
1078 1243 1183 1318 frater
1201 1244 1474 1319 OsionisGeiriae
1491 1247 1661 1332 Comitis,
1685 1248 1724 1323 du
1747 1251 1875 1326 elesius

691 1338 892 1435 Episcopus
921 1337 1131 1434 Trajeuens.
1155 1339 1319 1413 xxxin.
1352 1343 1464 1414 oetatis
1490 1341 1558 1416 suae
1585 1367 1677 1418 anuo
1703 1367 1759 1436 24.
1780 1353 1877 1444 juxta

662 1477 664 1480 ·
691 1433 830 1510 Hedum
843 1433 883 1508 r&
906 1433 1010 1507 fuerit
1039 1432 1143 1508 Otto.
1170 1434 1195 1506 1.
1231 1436 1293 1528 qui
1320 1459 1507 1532 numquam
1536 1436 1602 1511 suit
1631 1440 1877 1533 confirmatus,

688 1529 750 1604 sed
766 1531 962 1604 obtinendae
974 1528 1079 1622 super
1093 1549 1194 1606 aetate
1208 1529 1469 1626 dispensationis
1479 1531 1609 1624 gistis,
1635 1531 1783 1609 Romam
1797 1559 1879 1634 pro·

691 1625 825 1708 sessus,
847 1625 936 1698 obiit
961 1628 1006 1698 in.
1031 1625 1175 1709 itinere,
1201 1645 1273 1696 non
1296 1624 1376 1700 satis
1393 1627 1549 1714 constat,
1575 1653 1687 1724 neque
1706 1635 1809 1704 etiam
1834 1635 1879 1710 de

689 1717 939 1806 snnoobittis,
965 1719 1061 1815 quod
1088 1723 1145 1792 hic
1174 1717 1351 1792 confusam
1378 1720 1445 1793 esse
1470 1721 1659 1798 Historiam
1690 1725 1877 1804 Bocheiius

690 1837 843 1890 moneat.
893 1814 999 1888 Heds
1031 1812 1201 1888 Ottonem
1235 1814 1261 1885 1.
1287 1811 1487 1908 simpliciter
1514 1817 1742 1912 Praepositum
1768 1826 1878 1896 nomi·

692 1906 1707 2101 siisississiissi{issssisssssss
1723 1918 1878 2099 Μέἔὲἑὶῗ

617 2143 622 2152 -
692 2106 792 2176 nolui
810 2105 896 2176 duos
921 2101 1051 2174 Ottones
1072 2097 1278 2194 Pnepofitos
1304 2095 1438 2188 facere,
1463 2099 1501 2173 ἃ
1524 2125 1604 2174 cum
1629 2105 1699 2178 hoc
1722 2105 1876 2198 constet,

586 2227 588 2234 ’
688 2201 842 2272 Orionem
879 2197 924 2266 ΙΙ.
956 2195 1057 2290 hujus
1086 2196 1234 2267 nominis
1263 2191 1500 2290 Episcopum,
1525 2199 1626 2272 etium
1654 2195 1879 2295 Piaepositum

693 2293 837 2388 Mnjoris
859 2289 975 2376 fuisse,
1002 2292 1051 2362 uti
1066 2287 1191 2364 diserte
1211 2291 1338 2362 habent
1365 2289 1462 2362 Beka
1487 2292 1524 2366 &
1544 2293 1668 2378 Hedu,
1694 2299 1753 2386 qui
1773 2298 1879 2371 ambo

694 2389 854 2461 eumdem
882 2407 1011 2458 vocant
1029 2388 1177 2458 Otionsm
1195 2387 1232 2456 de
1259 2389 1390 2476 Lippa,
1416 2389 1521 2458 unico
1548 2390 1664 2460 Oscum
1689 2385 1879 2488 Praepossto

694 2503 879 2557 contentus
904 2480 987 2552 sum.
1006 2478 1148 2552 Endos
1166 2479 1215 2553 est
1233 2477 1427 2575 Episcopus
1442 2484 1539 2576 juxta
1559 2481 1797 2580 Bockenberg.
1822 2510 1877 2559 an.

696 2597 800 2668 1213.
827 2578 863 2651 δ(
881 2577 968 2649 obiit
986 2595 1039 2646 sn.
1062 2597 1166 2669 1227.
1190 2576 1284 2648 unde
1301 2577 1337 2646 in
1358 2575 1552 2670 Necrolog.
1576 2577 1613 2650 S.
1641 2581 1756 2654 Salvas
1792 2585 1880 2656 male

694 2676 840 2768 legitur:
866 2713 889 2748 η
915 2669 958 2741 V.
987 2669 1064 2741 Kal.
1092 2669 1279 2764 (Augusti)
1305 2692 1383 2743 ann:
1409 2692 1480 2744 cm.
1512 2695 1591 2744 cce.
1617 2697 1729 2748 xxvn.
1756 2675 1879 2843 {lingen-

694 2809 719 2847 ·,,
744 2771 833 2841 suin:
860 2785 932 2840 cio.
954 2788 1010 2837 cc.
1036 2765 1182 2858 xxvii.)
1209 2767 1297 2836 obiit
1321 2767 1399 2837 Otto
1427 2765 1620 2860 Episcopus
1648 2768 1755 2866 TrsJe
1791 2771 1877 2842 eins

697 2905 720 2940 n
744 2863 836 2956 apud
869 2859 1076 2935 Coeverden
1105 2857 1326 2944 intersesius,
1362 2861 1399 2934 de
1431 2862 1563 2934 nobiles
1593 2887 1671 2936 cum
1704 2889 1758 2940 eo.
1806 2867 1879 2941 Hic

694 3001 719 3036 s,
744 2963 870 3032 dantur
891 2955 936 3029 X.
970 2955 1082 3026 Sosidi
1106 2955 1150 3025 de
1179 2955 1266 3026 areis
1287 2953 1388 3047 super
1411 2953 1579 3028 fossatum.
1607 2976 1628 3008 ‘⁴
1653 2956 1710 3033 De
1734 2981 1878 3034 cruenta

696 3054 794 3128 caede
817 3049 985 3146 Episcopi
1009 3045 1098 3123 vide
1125 3048 1265 3122 Bekam.
1318 3050 1357 3119 in
1385 3051 1507 3122 eodem
1532 3049 1723 3147 Necrolog.
1749 3057 1879 3128 Onosis

698 3151 808 3244 primi
826 3149 941 3220 obitus
959 3149 1052 3220 dics.
1079 3168 1148 3215 non
1176 3166 1284 3216 annus
1310 3167 1449 3218 notatus
1479 3143 1547 3217 est:
1573 3189 1595 3219 ‚s
1623 3145 1699 3218 Kal.
1723 3149 1877 3244 Septem·

696 3287 721 3320 η
746 3242 817 3316 bris
832 3243 919 3315 obiit
935 3244 1011 3313 Otto
1037 3239 1196 3328 Elesius,
1223 3242 1285 3332 qui
1303 3243 1451 3314 contusis
1469 3241 1567 3312 nobis
1587 3243 1763 3314 dimidium
1785 3268 1882 3318 mun·

698 3381 724 3415 η
746 3337 818 3410 sum
834 3337 925 3432 apud
943 3337 1135 3432 Scalcwyc.
1162 3353 1183 3384 ‘⁶
1209 3333 1400 3406 Dimidium
1420 3339 1570 3408 mansum
1586 3337 1661 3411 sunt
1686 3338 1743 3412 sex
1760 3342 1878 3434 jugero

699 3437 756 3505 seu
775 3437 943 3515 sonnino,
969 3432 991 3503 si
1004 3437 1153 3528 jugerum
1170 3427 1208 3502 de
1226 3433 1405 3501 bovinarum
1425 3433 1514 3504 idem
1539 3431 1614 3506 fint.
1664 3433 1757 3507 Vide
1776 3435 1879 3510 Glos-

700 3527 764 3600 ssr.
782 3529 825 3600 du
851 3528 982 3620 Congu.
1009 3529 1118 3599 Porro
1137 3527 1217 3596 Ono
1235 3530 1263 3596 s.
1291 3523 1359 3599 fuit
1383 3529 1572 3600 avunculus
1599 3531 1726 3602 ostonis
1745 3531 1816 3602 sss.
1844 3532 1882 3605 δι

693 3623 807 3713 -srater
829 3627 981 3696 Ludooci
1008 3619 1206 3716 Praepositi,
1233 3623 1284 3692 uti
1316 3622 1456 3694 testatur
1482 3619 1573 3694 Otto
1597 3621 1659 3692 lli.
1686 3625 1720 3694 in
1746 3627 1880 3696 Charta

697 3718 745 3791 'de
765 3739 854 3791 snno
875 3739 984 3803 1240:
1012 3759 1033 3792 η
1060 3715 1245 3787 statuimus
1263 3717 1365 3788 etiam
1391 3737 1431 3788 ut
1453 3714 1660 3788 deDecima
1676 3721 1743 3812 jam
1764 3718 1885 3803 dium·

698 3855 724 3892 n
750 3815 784 3886 in
799 3811 1029 3885 anniversario
1047 3811 1224 3882 Avuncuii
1248 3809 1283 3882 δι
1306 3811 1565 3906 praedecessoris
1584 3810 1711 3898 nostri,
1737 3811 1883 3886 Domini

700 3911 874 3988 „Orionis
901 3909 999 3981 Eissii
1025 3901 1276 3998 Trajsnenfis,
1300 3909 1455 4000 quinque
1485 3903 1603 3990 solidi,
1630 3907 1667 3977 ds
1691 3903 1807 3980 fratris
1828 3905 1879 3984 sui

608 4059 609 4062 ,
700 4019 725 4082 ‚i
752 4003 893 4076 Domini
908 4005 1064 4074 Lodousici
1090 4001 1237 4096 Maioris
1259 3997 1435 4096 Praeposni
1458 3999 1706 4095 Trajenenns,
1731 4006 1883 4098 quinque

697 4139 724 4176 ss
750 4099 868 4182 solidi,
893 4097 1077 4170 Canonicis
1127 4093 1325 4168 raesentibus
1347 4099 1585 4172 exhibeantur.
1611 4117 1633 4148 ⁴⁴
1658 4095 1888 4193 Hinlupise·

696 4195 869 4266 Devenit.
895 4195 984 4284 apud
1006 4189 1084 4262 Heu
1115 4215 1169 4262 en.
1194 4211 1230 4284 p.
1257 4211 1315 4283 3¹·

743 4285 911 4360 Ceterum
924 4289 1011 4361 iliud
1024 4307 1131 4357 unum
1155 4306 1258 4380 puts:
1290 4287 1437 4360 otim
1461 4279 1686 4379 Propositum
1710 4282 1878 4379 Maioris,

1263 4417 1268 4427 ·
1807 4401 1878 4454 nun
