4660 5840
569 617 881 717 rnnnsn.
910 615 1183 712 annana
1211 615 1569 727 rnnJacr.
1603 650 1685 744 107

494 813 695 914 pensionis,
720 809 924 909 supplentes
944 833 1066 886 omnes
1078 809 1115 886 δι
1127 803 1279 904 lingulos
1291 825 1359 882 tarn
1373 809 1461 904 Jutis
1473 833 1578 908 quam
1595 812 1679 896 facil

492 909 668 997 dessilus,
695 907 720 982 fi
748 912 809 1003 qui
825 906 948 981 forsan
971 907 1222 982 intervenerint
1246 906 1283 978 in
1307 906 1457 993 eisdem,
1482 929 1525 980 ac
1543 915 1676 1006 potiori

519 1031 560 1080 ro
575 1007 732 1091 cautela,
758 1004 947 1078 Civitatem
962 1001 999 1074 dt
1012 1000 1153 1086 Castra,
1178 1021 1219 1072 ac
1235 1003 1301 1074 alia
1319 1003 1396 1096 jura
1439 1003 1579 1080 raedidia
1588 1057 1601 1093 ,
1625 1009 1674 1080 ei·

490 1031 573 1176 gem
597 1099 788 1174 Canouo
811 1097 922 1194 Regi,
955 1094 993 1170 dt
1013 1095 1261 1169 succelloribus
1288 1093 1377 1181 suis,
1449 1100 1570 1174 ucibus
1589 1100 1673 1175 Bra·

490 1197 618 1272 bantiae
635 1197 672 1270 &
687 1193 882 1269 Comitibua
895 1189 1113 1278 Hollandiae,
1137 1193 1174 1265 in
1189 1212 1396 1286 perpetuum
1413 1194 1457 1266 de
1474 1216 1570 1270 novo
1586 1216 1671 1271 con·

488 1292 669 1376 cedimus,
692 1287 730 1361 &
751 1289 934 1364 electiones
953 1308 1018 1382 pet
1036 1286 1201 1379 Capitula
1217 1283 1290 1380 ipsa
1304 1287 1341 1358 in
1351 1286 1565 1383 Episcopum
1576 1289 1667 1368 Tra·

485 1385 569 1485 jeci.
590 1383 717 1478 absque
737 1383 842 1478 iplius
866 1384 1045 1456 Cnnour
1068 1383 1197 1476 Regis,
1223 1381 1261 1454 δι
1280 1379 1506 1456 successorum
1525 1384 1666 1462 suorum

488 1484 630 1556 Ducum
648 1479 844 1552 Brabantiae
859 1476 896 1550 δι
914 1477 1094 1548 Comitum
1109 1475 1313 1549 Hollandiae
1333 1477 1582 1572 praedidtorum
1599 1501 1664 1557 no·

484 1579 696 1660 minatione,
721 1594 879 1647 necnon
903 1573 1087 1646 eleliiones
1109 1571 1335 1644 Decanotum
1358 1572 1577 1651 ecclesiarum
1599 1578 1665 1652 ltu·
1781 1589 1783 1600 '

481 1670 655 1768 jusmodi,
668 1669 807 1742 illorum
825 1667 1064 1740 Decanatuunr
1082 1685 1288 1738 occurrente
1304 1669 1503 1753 vacatione,
1528 1671 1572 1746 de
1587 1673 1664 1750 aliis

484 1765 640 1862 personis
660 1787 764 1860 quarn
783 1762 968 1834 Canopo
990 1759 1103 1854 Regi,
1128 1761 1254 1856 &ejus
1274 1758 1519 1840 succelloribus
1538 1765 1664 1862 praefa·

482 1864 552 1947 tis,
569 1861 675 1957 gratis
694 1861 731 1933 &
745 1858 923 1956 acceptis,
947 1879 1015 1952 pro
1035 1877 1193 2020 temspore
1209 1852 1334 1944 sanas,
1359 1859 1497 1946 nullas,
1522 1861 1663 1937 nullius·

484 1982 554 2054 que
582 1955 739 2039 roboris,
770 1953 825 2026 vel
850 1953 1015 2027 momenti
1040 1951 1096 2022 exi
1128 1973 1209 2037 cre,
1244 1950 1364 2026 eidem
1392 1949 1596 2032 auiioritate
1619 1960 1663 2034 de

484 2051 666 2128 cernimus.
726 2046 904 2135 Quocirca
935 2044 1193 2120 venerabilibus
1229 2044 1393 2120 fratribus
1434 2048 1558 2126 nostris
1595 2054 1663 2127 Ar·

483 2145 712 2242 chlepiscopo
742 2143 987 2216 Panormitano
1023 2141 1115 2237 (10)
1146 2139 1392 2237 &Episcopo
1423 2141 1566 2222 Castelli
1593 2171 1664 2260 ma·

527 2423 611 2511 (ro)
635 2421 854 2510 Arcdiepiscopo
868 2419 1094 2488 Panormitano.
1112 2422 1262 2507 Joannes
1279 2419 1489 2490 Carondelet
1505 2421 1563 2492 hic
1577 2423 1661 2493 dest·

483 2507 824 2658 illl‘allitlll‘
838 2505 882 2654 ἐξ
895 2503 1659 2670 tissettltldallllllaltsalit·

480 2671 597 2756 illustr.
617 2673 659 2737 du
682 2635 934 2757 Conseil’Ptt'vl,
962 2672 1038 2735 haec
1066 2670 1187 2737 habet:
1223 2711 1246 2745 ,,
1263 2671 1312 2737 Μ.
1335 2673 1421 2755 Jean
1447 2671 1659 2742 Catondelet

484 2753 625 2832 „estoit
644 2754 695 2820 fils
715 2756 759 2822 de
778 2755 826 2822 M.
838 2753 942 2839 Jean‚
963 2755 1076 2836 Seign.
1094 2754 1137 2820 de
1159 2753 1398 2836 Champuans,
1419 2755 1526 2838 grand
1543 2754 1658 2823 Chan-

484 2878 509 2913 „
526 2839 630 2905 celier
650 2839 694 2904 de
710 2837 933 2983 Bourgogne,
955 2836 991 2903 δι
1012 2837 1054 2903 de
1075 2837 1185 2902 Datne
1203 2835 1415 2920 Marguerite
1434 2839 1479 2903 de
1499 2838 1657 2924 Challey.

483 2961 510 2997 „
525 2921 552 2986 ll
570 2921 664 2988 avoit
687 2921 754 2987 elle
773 2919 849 2986 Con
864 2919 960 2987 ealler
976 2919 1232 3001 Ecclessastique
1249 2920 1296 2984 du
1314 2919 1434 2987 Grand
1448 2920 1605 3002 Conseil,
1619 2921 1657 2990 da

462 3019 663 3074 ...mourut
685 3021 727 3069 en
753 3003 818 3069 l'an
841 3019 935 3088 1544.
956 3001 1092 3068 enterrd
1111 3020 1154 3068 au
1177 3001 1295 3069 Cheur
1316 3003 1360 3070 de
1377 3003 1427 3068 l’E
1451 3004 1508 3070 lise
1528 3004 1657 3071 Cathe-

481 3085 619 3162 „drale
647 3087 691 3153 de
717 3085 750 3153 S.
769 3087 887 3152 Donas
906 3087 925 3150 a
944 3085 1093 3170 Bruges,
1123 3104 1168 3151 ou
1192 3085 1225 3152 se
1241 3085 1316 3151 voit
1339 3084 1397 3152 son
1448 3087 1592 3154 ombeau
1612 3087 1658 3154 de

483 3207 509 3244 „
522 3168 677 3245 marbre,
698 3167 752 3232 sur
767 3170 879 3250 lequel
899 3167 947 3233 est
971 3169 1168 3252 represente
1192 3167 1251 3234 son
1270 3166 1380 3253 effigie
1396 3171 1548 3253 priante‚
1569 3187 1658 3236 avec

484 3293 508 3322 ,,
525 3251 572 3318 ses
590 3251 712 3316 Armes
728 3249 763 3317 dc
777 3252 967 3332 Quartiers.
984 3261 1008 3294 ‘⁶
1042 3252 1160 3318 Addere
1174 3251 1327 3338 dabuiffet:
1350 3247 1386 3322 δι
1403 3269 1488 3320 avec
1509 3267 1566 3320 cet
1586 3253 1660 3340 epi·

482 3337 604 3418 taphe,
619 3331 757 3418 sequitur
775 3341 850 3398 enim
870 3335 915 3398 lais
928 3333 1046 3402 verbis:

718 3587 727 3596 ,
825 3513 1128 3583 Reverendillimus
1141 3512 1310 3581 Dominus

751 3597 798 3664 D.
821 3599 1033 3684 Jonunas
1061 3597 1389 3666 Cnnouounnr

761 3681 925 3764 Archiep.
944 3681 1219 3757 panormitanus,
1248 3679 1376 3748 Primas

724 3765 867 3844 Siciliae,
887 3764 1087 3848 praepositus
1105 3761 1413 3830 SanstiDonatianl

725 3846 927 3932 Brugensts,
960 3846 1154 3914 Cancellar.
1172 3845 1290 3912 Fland.
1309 3843 1411 3930 Perp.

725 3930 887 3998 Decanus
901 3929 1179 4012 Metropolitanae
1193 3926 1411 4004 Biscentinae,

804 4011 919 4080 Abbas
933 4012 1137 4079 Commend.
1153 4011 1191 4078 B.
1207 4009 1326 4076 Mariae

901 4095 1030 4162 Montis
1045 4091 1230 4164 Benedicti.
1354 4124 1370 4146 ··

728 4177 928 4262 nraepontus
944 4179 980 4245 S.
996 4166 1190 4262 Walburgis
1208 4174 1384 4246 Furnenus
1393 4221 1410 4258 ,

848 4262 892 4327 Et
912 4261 947 4328 S.
962 4261 1049 4328 Piatl
1066 4259 1282 4329 sicliniensis.

727 4341 847 4412 Caroli
859 4345 903 4414 V.
917 4343 1015 4413 Rom.
1034 4344 1122 4492 Imp.
1138 4343 1229 4429 Aug.
1248 4339 1409 4422 secreti,

1558 4422 1660 4502 iulo
