4756 5860
594 573 907 673 sennan.
935 571 1206 668 parma
1232 571 1582 684 TnancT.
1608 649 1613 666 .
1641 611 1693 704 51

505 769 740 860 doen,·sulcx
757 770 817 844 dat
836 768 880 867 sy
901 769 1034 866 luyden
1050 761 1306 862 vreedclyclren
1327 766 1410 842 dact
1427 765 1481 852 aff
1495 767 1602 848 sullen
1617 798 1692 852 mo.

502 893 570 966 gen
586 866 835 963 gebruyclcen,
858 865 1129 940 tvelverstaende
1146 863 1206 934 dat
1221 859 1264 953 sy
1277 863 1408 936 benten
1431 869 1592 958 pachters
1618 894 1688 948 vau
1826 883 1829 890 ’

498 968 629 1040 heuren
642 959 779 1036 voorsz.
799 963 935 1058 goeden
956 962 1030 1033 niet
1050 983 1095 1032 en
1119 957 1234 1032 zullen
1259 979 1385 1052 mugen
1408 962 1612 1040 molesteren
1626 990 1687 1042 om

498 1073 674 1167 beralinge
691 1093 759 1144 van
784 1074 863 1145 hem
886 1089 922 1143 te
936 1067 1080 1142 hebben
1101 1058 1171 1140 van
1189 1086 1310 1140 senten
1329 1067 1417 1141 ende
1437 1075 1589 1166 pachten
1615 1098 1686 1150 van

498 1171 568 1243 den
582 1164 719 1242 voorsa.
740 1166 909 1242 voorlede
929 1171 1067 1260 jaeren,
1099 1162 1279 1236 dewelcke
1297 1163 1349 1258 by
1364 1163 1599 1242 ordonnantie
1617 1173 1683 1245 der

421 1333 423 1336 -
496 1281 545 1354 K.
564 1279 630 1352 M‘.
648 1279 738 1351 ende
766 1275 819 1374 by
842 1275 917 1350 dier
936 1272 1265 1348 Gecommitteerde
1281 1273 1447 1366 geheven
1474 1281 1523 1349 e‘ri
1544 1277 1681 1352 outfan-

495 1417 567 1492 gen
593 1415 688 1488 zyn,
724 1387 805 1466 Dan
829 1385 886 1462 die
911 1385 956 1463 K.
973 1385 1038 1458 Mt.
1055 1385 1123 1460 den
1143 1381 1373 1480 Capittularis
1394 1385 1588 1482 personnen
1609 1393 1679 1558 νῗη

1425 1503 1429 1512 ·
1542 1507 1632 1560 voor
1647 1511 1679 1560 z.

493 1653 635 1723 „certa
662 1639 775 1708 nostra
799 1635 940 1706 scientia
962 1635 1000 1704 dr
1028 1635 1134 1702 solitae
1156 1635 1345 1719 Imperitlis
1374 1636 1581 1706 celsitudinis
1605 1642 1676 1712 cle.-
1735 1631 1740 1640 ’

491 1767 520 1806 „
536 1727 663 1794 mentia
677 1723 881 1791 confirmare
896 1719 1043 1804 gratiose
1057 1719 1286 1802 dignarentur.
1326 1719 1401 1786 Nos
1416 1721 1521 1806 igitur
1535 1722 1578 1790 ad
1598 1725 1674 1807 glo·

492 1811 619 1886 „riam
634 1809 670 1875 δι
693 1804 925 1872 reverentiam
941 1801 1009 1868 Dei
1027 1801 1275 1884 omnipotentis
1296 1799 1332 1868 dc
1349 1801 1516 1882 sublimis,
1535 1806 1594 1889 qui
1608 1826 1671 1876 nos

493 1933 519 1968 ‚,
535 1893 577 1958 ad
603 1887 836 1958 monarchiam
861 1885 928 1952 suae
951 1883 1181 1950 sacrosancte
1200 1885 1411 1952 Monarchiae
1430 1888 1668 1969 militantibus,

492 2015 518 2051 „
535 1976 603 2040 sola
626 1973 683 2040 sua
697 1969 929 2036 misericordia
943 1969 976 2034 di
1002 1967 1160 2034 natusest
1176 1967 1373 2050 praeficere,
1393 1969 1557 2038 Ecclestas
1570 1971 1671 2052 Chri,-

493 2096 520 2132 ‚‚
536 2058 575 2123 sti
589 2057 626 2124 δι
641 2053 888 2121 Ecclesiasticus
910 2069 954 2136 pe
986 2069 1070 2117 onas
1091 2049 1248 2135 singulari
1267 2050 1387 2118 favore
1404 2053 1525 2136 juvare
1540 2056 1669 2126 defide-

494 2177 520 2212 ,‚
537 2155 648 2204 ramus
662 2137 856 2222 patrocinio
869 2134 1015 2219 pietatis.
1056 2133 1280 2216 Quapropter
1298 2134 1434 2216 praesati
1445 2135 1575 2202 Fredrin'
1588 2139 1668 2222 Epi-

494 2259 519 2296 „
536 2220 631 2303 scopi
646 2219 682 2287 &
697 2219 865 2302 Principis
877 2215 980 2283 nostri
989 2215 1176 2282 virtuosam
1190 2215 1405 2294 industriam,
1427 2219 1668 2299 constantiam,

492 2339 519 2378 „
536 2303 617 2368 fidei
634 2318 676 2367 ac
694 2299 846 2384 syncerae
866 2299 1052 2366 amnionis
1070 2300 1277 2380 puritatem,
1295 2297 1417 2381 quibus
1430 2299 1539 2384 ipsum
1559 2304 1669 2375 virtu-

491 2423 518 2462 „
534 2400 608 2451 tum
630 2383 780 2458 meritis,
807 2382 944 2456 verbis,
966 2379 1206 2463 operibus,-&
1223 2383 1385 2465 exemplo
1404 2383 1536 2453 clarere
1554 2385 1668 2470 limpi-

492 2507 518 2545 „
534 2469 610 2535 dius
629 2466 841 2563 experimur,
862 2465 1023 2546 quoniam
1045 2463 1148 2530 etiam
1195 2464 1394 2533 recedentis
1416 2463 1515 2536 samaa
1537 2469 1667 2540 celebri

493 2590 519 2626 „
561 2567 712 2619 raeconto
733 2549 778 2614 de
798 2548 809 2610 i
836 2545 872 2612 so
895 2545 1002 2612 suerit
1024 2563 1096 2610 vox
1118 2560 1152 2612 te
1182 2561 1256 2622 ata,
1276 2563 1343 2614 nec
1366 2565 1436 2614 non
1481 2567 1553 2616 urae
1567 2553 1667 2636 ipsius

492 2669 519 2708 „
535 2570 750 2716 fyncetitatis
775 2649 795 2696 a
821 2628 955 2705 mium,
972 2627 1085 2710 quoad
1104 2627 1336 2710 Imperatoriae
1354 2629 1445 2716 Maje
1475 2633 1538 2698 atis
1556 2636 1667 2706 hono-

491 2754 519 2791 „
535 2733 608 2784 rem
620 2715 706 2782 locis
721 2713 757 2782 δι
771 2711 983 2795 temporibus
997 2728 1018 2774 o
1045 2711 1176 2776 ortunis
1189 2713 1543 2784 omnibenevolentiae
1555 2717 1666 2792 studio
1692 2727 1700 2742 '

491 2836 518 2875 ‚‚
533 2811 731 2883 promptum
751 2795 784 2861 se
802 2793 953 2861 reddidit
970 2796 1013 2860 ha
1068 2811 1148 2868 nus,
1168 2793 1347 2872 solertem,
1392 2798 1540 2864 lucidum
1557 2800 1593 2869 dc
1608 2820 1666 2874 ac-

490 2921 517 2958 „
534 2897 690 2965 ceptum:
712 2879 749 2946 da
776 2892 815 2944 ut
837 2875 946 2962 ipsum
963 2877 998 2941 in
1015 2891 1117 2943 antea
1136 2895 1201 2961 pro
1228 2878 1348 2946 nostris
1417 2880 1511 2948 Sacri
1527 2883 1668 2966 Imperii

489 2962 755 3046 „beneplacitis
780 2960 908 3027 fortius
926 2960 1131 3036 animemus,
1153 2958 1218 3026 suis
1241 2957 1331 3029 ‘ustis
1354 2963 1390 3030 da
1413 2965 1667 3040 rationabilibus

488 3045 830 3130 „supplicationibus
851 3057 1057 3120 annuentes,
1084 3042 1193 3126 ipsum
1218 2979 1426 3128 spiscopum
1450 3045 1487 3114 δι
1507 3051 1579 3132 ejus
1599 3051 1667 3126 Ec·

489 3171 515 3206 „
531 3131 665 3196 cleliam
674 3125 924 3213 TraJeetensern
939 3125 983 3194 dc
998 3127 1155 3194 omnibus
1171 3126 1208 3194 δι
1224 3125 1566 3212 fingulisRegalibus,
1587 3133 1665 3208 feu-

486 3254 513 3289 „
529 3213 597 3288 dis,
617 3211 735 3286 bonis,
761 3209 963 3285 mobilibus,
993 3225 1034 3273 ac
1058 3209 1217 3274 omnibus
1239 3210 1371 3290 juribus
1397 3216 1660 3298 temporalibus,

488 3311 745 3376 „quocumque
765 3292 906 3358 nomine
926 3291 1147 3366 censeantur,
1169 3291 1301 3358 anobis
1322 3291 1358 3358 &
1378 3291 1487 3360 Sacro
1509 3296 1663 3368 Romano

488 3416 514 3452 ,‚
530 3377 677 3459 Imperio
692 3373 984 3458 dependentibus,
1004 3373 1047 3438 ad
1059 3371 1167 3454 ipsum
1182 3389 1319 3456 quoque
1333 3375 1556 3459 Episcopum,
1569 3383 1665 3462 prin.

489 3497 514 3534 2,
531 3460 644 3543 cipem
664 3456 813 3522 nostrum
842 3455 880 3524 δι
900 3457 971 3540 ejus
991 3453 1175 3519 Ecclesiam
1194 3454 1444 3540 Trajcstensem
1459 3461 1501 3524 ab
1519 3463 1661 3546 antiquo

490 3543 668 3626 „dejure
688 3539 846 3636 justisque
874 3539 982 3605 titulis
1001 3535 1244 3620 speshntibus‚
1271 3537 1468 3612 investimus
1488 3561 1552 3626 per
1573 3563 1663 3640 prae-

487 3663 513 3701 „
530 3623 660 3697 sentes,
685 3623 810 3705 illaque
836 3621 895 3688 fibi
913 3621 957 3688 de
984 3637 1079 3687 novo
1103 3619 1346 3700 infeudamus,
1378 3621 1415 3692 &
1438 3627 1662 3702 concedimus

486 3745 511 3784 ,‚
551 3705 690 3780 ratiose,
710 3723 777 3771 nec
801 3721 872 3770 non
896 3702 1052 3770 universa
1076 3701 1114 3772 δι
1141 3702 1186 3770 stn
1215 3705 1269 3773 ula
1287 3705 1482 3790 privilegis,
1503 3711 1659 3792 indulta,
1698 3696 1798 3794 Onnes

487 3828 512 3866 „
527 3726 662 3864 fiteras,
683 3787 874 3864 libertates,
894 3789 1035 3870 gratias,
1057 3803 1167 3853 conce
1191 3805 1305 3862 tones,
1325 3791 1546 3870 emunitates,
1562 3796 1659 3878 jura,
1696 3779 1809 3838 Punct-

459 3925 462 3934 λ
486 3908 513 3949 ,,
528 3871 667 3943 statuta,
688 3869 973 3964 consuetudines,
989 3868 1234 3954 iurisdictiones
1252 3869 1289 3938 δι
1305 3867 1577 3953 observationes,
1597 3877 1659 3945 bo·
1693 3861 1839 3929 mm*

487 3993 513 4029 „
529 3972 592 4028 na,
612 3965 838 4038 proprietates
853 3950 1122 4034 &possesiones
1136 3951 1302 4024 deverbo
1320 3953 1517 4021 adverbum
1533 3960 1567 4024 in
1584 3978 1658 4024 om·
1689 3929 1840 4006 ΨΜ·

486 4077 512 4112 ,,
528 4037 626 4102 nibus
653 4053 772 4102 eorum
803 4033 990 4109 sententiis,
1015 4035 1166 4117 punctis,
1194 4033 1366 4111 clausulis,
1393 4053 1434 4102 ac
1460 4038 1484 4102 st
1506 4040 1656 4124 ipsorum
1694 4023 1797 4066 *mmm

485 4118 801 4204 „privilegiorum
818 4117 967 4202 jurium,
984 4117 1253 4212 jurisdictionum
1277 4136 1317 4184 ac
1334 4120 1525 4198 literarum,
1545 4123 1657 4190 indul·
1685 4104 1838 4238 ἔξω,

482 4241 508 4278 ,,
525 4218 659 4276 torum,
687 4202 902 4276 libertatum,
931 4217 1133 4284 grauatum,
1163 4203 1407 4282 emunitntum,
1436 4201 1657 4284 statutorum,
1692 4238 1801 4296 W,

480 4284 805 4361 „consuetudinum
820 4279 1178 4358 &observantiarum
1197 4285 1385 4360 bonorum,
1405 4289 1655 4384 proprietatum
1693 4318 1753 4371 tum
1766 4315 1811 4375 pf,

480 4408 506 4443 ‚‚
522 4371 558 4435 dt
572 4367 805 4450 pollellionum
820 4381 978 4441 tenores,
998 4363 1217 4448 praesentibus
1241 4366 1345 4432 esseut
1363 4369 1495 4442 inserti,
1518 4371 1554 4437 δι
1568 4385 1657 4439 tota·
1694 4394 1808 4462 „paru

479 4449 599 4527 „liter
614 4449 810 4534 expressuri,
831 4447 889 4516 libi
906 4446 942 4518 &
962 4445 1200 4598 Ecclestagsuae
1220 4448 1409 4534 praedistae,
1431 4465 1469 4516 ut
1482 4451 1661 4538 praemitti·
1691 4469 1788 4600 inpar„
1865 4463 1875 4484 ·

1153 4547 1173 4596 2
1544 4570 1568 4610 η
1586 4546 1661 4606 tur,
1720 4548 1833 4617 applllflo

1709 1935 1841 2019 Modestia

1705 2015 1852 2092 Imperato-

1705 2097 1746 2150 ris
1760 2103 1810 2170 pri.

1707 2168 1849 2250 Lappluass
