4756 5860
546 587 859 730 ernust.
888 581 1178 682 ruratio
1204 585 1557 698 turrecr.
1615 608 1668 696 rr

477 787 627 885 aliasque
645 781 770 859 &alia
794 779 897 872 feeit,
921 800 1030 878 prout
1050 781 1129 854 haec
1150 778 1188 855 δι
1212 781 1279 856 alia
1303 778 1340 854 in
1363 781 1583 954 praeinstnili
1599 783 1668 898 soit

938 933 947 961 .
1582 903 1667 958 teris

414 1051 420 1060 ’
478 1033 593 1106 uerna
611 1034 715 1112 Date,
736 1047 772 1096 ut
786 1051 844 1098 non
855 1027 941 1097 aliud
954 1032 1003 1098 ilie
1020 1027 1081 1113 fiir·
1098 1035 1192 1096 ratim
1214 1027 1268 1114 effe
1291 1028 1372 1116 polit
1394 1027 1533 1108 duxerit,
1554 1035 1589 1104 it
1608 1035 1667 1102 Ec-

480 1120 592 1202 tlejt'ae,
613 1118 648 1185 tt
663 1117 768 1182 ditioni
780 1117 864 1200 suae,
885 1117 976 1200 qttdm
992 1128 1029 1178 ut
1043 1115 1196 1196 sumentem
1223 1119 1285 1194 ejus
1309 1118 1465 1196 temporale
1487 1122 1540 1196 jus
1556 1119 1666 1204 efderet

475 1203 592 1270 carata
614 1197 657 1267 V.
678 1215 834 1282 tamquam
862 1197 944 1263 Duei
969 1195 1150 1262 Brabantiae.
1182 1195 1259 1260 Non
1292 1201 1498 1263 intervenerat
1533 1199 1666 1267 Clemens

475 1281 560 1354 isti.
586 1299 659 1348 tom
685 1287 798 1364 ingmti
819 1280 1028 1346 dominationis
1056 1276 1260 1359 Ecclesiastico»
1287 1282 1467 1346 alienationi.
1511 1279 1597 1348 Unde
1627 1284 1664 1352 Θ·

471 1386 543 1434 earn
561 1370 682 1429 irritare
701 1379 839 1448 poterot3
852 1361 910 1448 sed
925 1361 967 1426 od
984 1359 1116 1442 Ecclesia
1130 1361 1222 1444 ipfint
1244 1361 1423 1426 eomrnodam
1440 1362 1540 1447 satias
1561 1365 1664 1452 visunt

478 1448 518 1531 efl
533 1468 598 1512 earn
625 1445 807 1528 confirmare.
845 1446 928 1511 Non
950 1445 1058 1526 liquet
1078 1460 1163 1525 quos
1188 1443 1245 1508 hic
1268 1441 1445 1510 Novarores
1466 1447 1661 1518 intellectos

478 1531 578 1598 velit.
596 1529 664 1596 Sed
686 1527 861 1596 odoricus
884 1525 1078 1610 Raynaldus
1095 1527 1131 1590 in
1144 1525 1267 1591 Annas.
1288 1525 1417 1594 Eccles.
1438 1531 1561 1612 (quem
1575 1533 1662 1601 citat

477 1611 515 1680 in
533 1611 707 1696 margine)
730 1611 773 1676 ad
788 1628 841 1676 an.
865 1613 958 1689 1528.
980 1627 1014 1676 n.
1038 1623 1109 1690 105.
1129 1622 1248 1690 aperte
1272 1624 1331 1674 eos
1353 1609 1663 1680 Lurberanotnomi-

479 1691 1005 1858 '1¹2²‘isi‘msiilfflitftilidii
1022 1689 1661 1844 bln‘ditrtitilillnittl

514 1827 523 1845 ο
700 1818 711 1850 i

477 1859 661 1930 Catholieom
692 1871 832 1922 mentor.
874 1855 989 1922 Risum
1019 1855 1163 1920 teneatis
1195 1854 1305 1920 amici.
1348 1855 1477 1924 Exorto
1507 1860 1662 1928 nondum

475 1938 755 2036 Lutiteranismo,
775 1937 905 2006 Gelriae
919 1939 1002 2004 Dux
1017 1936 1436 2030 Fredericumliadensern
1454 1939 1661 2093 lipiscogum

475 2019 776 2108 Ultrtjeiitnuma
799 2020 924 2106 gressus
945 2019 994 2086 est
1022 2019 1133 2098 bello,
1162 2017 1332 2094 credebas,
1359 2021 1532 2106 sanguine.

476 2105 572 2174 cellit
586 2105 760 2188 Philippus
775 2041 807 2170 ἵ)

479 2205 603 2254 rumne
615 2187 713 2269 sedon
728 2187 763 2282 β’
779 2187 990 2252 authoritatem
1004 2183 1194 2284 lutherani
1206 2185 1387 2284 tonntfflre,
1403 2193 1545 2254 incentore
1554 2189 1663 2258 Dure?

474 2269 679 2421 ξίῖετσειῖξᾝ
693 2266 1462 2447 effibiecittgtrffltetfflnoffiinlcngffiaffi
1472 2271 1663 2421 {2552ssan

479 2438 620 2504 tutaturi
642 2430 764 2516 Nugae.
783 2431 892 2515 Legat
909 2431 1041 2497 Bullam
1057 2431 1326 2498 confirmationis
1339 2449 1397 2516 qut
1417 2435 1529 2512 volet,
1549 2436 1585 2505 de
1598 2439 1663 2504 bos

478 2517 788 2590 mastmusomnes,
801 2532 831 2610 ,e
851 2513 971 2596 quibus
991 2512 1292 2610 Bullacompofita
1310 2513 1368 2584 est,
1408 2517 1462 2584 De
1481 2519 1664 2586 Lattmann

478 2601 514 2667 in
528 2599 594 2667 illis
608 2615 652 2665 ne
696 2615 738 2681 ry
752 2595 902 2680 quedem.
943 2596 1069 2663 Nullus
1090 2598 1136 2662 rbr
1158 2611 1339 2663 mouturam
1364 2615 1495 2678 metus,
1514 2604 1664 2670 molimi-

480 2701 526 2750 na
542 2681 647 2748 nulla.
659 2615 775 2775 §genia
795 2679 918 2764 dignus
929 2677 968 2745 iit
983 2678 1239 2775 'ihomaffinun
1253 2681 1311 2762 qni
1326 2681 1362 2746 in
1384 2681 1494 2780 Gallia
1516 2685 1664 2770 scripsit.

480 2763 539 2832 sed
554 2761 730 2832 Odortcus
744 2761 941 2846 Raynaldus
959 2777 1018 2845 qni
1038 2761 1157 2828 Romae
1177 2760 1326 2845 scripsit,
1346 2781 1405 2848 qut
1424 2766 1554 2834 Bullatn
1573 2771 1663 2838 vidit

481 2846 520 2917 bt
535 2843 700 2930 inspexit,
716 2843 853 2929 eiusque
878 2843 1021 2912 frustum
1038 2843 1197 2930 expreffit
1220 2845 1289 2913 loc.
1309 2848 1369 2915 cit,
1389 2847 1426 2920 ἃ
1449 2852 1507 2933 qui
1525 2865 1662 2930 mmen,

481 2948 556 2998 rem
572 2941 670 2996 tanto
691 2945 772 2994 cnm
791 2941 957 3012 apparato
971 2928 1098 3004 aliam,
1118 2927 1337 3013 indiligenter
1364 2930 1497 3014 profert
1513 2936 1664 3008 levitatis

478 3029 520 3081 ac
535 3010 678 3080 incuriae
691 3025 807 3076 notam
825 3027 895 3080 non
910 3010 1038 3077 evadit.
1077 3009 1242 3077 Dicamus
1258 3012 1350 3094 quod
1364 3032 1416 3080 res
1431 3015 1497 3082 est:
1517 3017 1607 3085 bella
1618 3018 1661 3086 ab

474 3095 580 3162 -Duce
600 3095 721 3170 illata,
750 3091 932 3160 seditiones
957 3092 999 3160 ab
1031 3091 1262 3179 Ultrajeliinis
1294 3095 1479 3174 excitatae,
1515 3101 1663 3168 immen-

478 3176 552 3244 sum
571 3196 617 3244 aes
641 3175 789 3242 alienum
809 3174 1049 3253 contraitum,
1082 3175 1279 3243 concuil'ere
1302 3175 1439 3257 sedem,
1470 3183 1660 3252 authorita-

476 3273 569 3338 tem,
601 3258 767 3325 ditionem
792 3257 1074 3344 Ultrajeiiinam,
1103 3258 1140 3326 δι
1164 3260 1263 3342 huJus
1289 3259 1440 3325 ceffionis
1462 3263 1536 3329 sunt
1559 3267 1658 3335 causa

478 3346 581 3410 unica
596 3359 636 3408 ac
651 3341 722 3406 inte
746 3357 793 3407 ra.
811 3341 888 3406 Nec
903 3341 952 3406 est
967 3340 1060 3424 quod
1072 3355 1305 3422 conqueratur
1321 3341 1554 3411 Thomaisrnus
1563 3391 1572 3424 ,
1588 3367 1659 3416 non

811 2103 1003 2187 urgundus,
1025 2102 1062 2170 &
1084 2103 1166 2168 huic
1186 2101 1359 2169 Henricus
1381 2103 1541 2175 Bararus.
1583 2109 1660 2176 Ho-

475 3421 695 3492 interveniffe
738 3440 836 3569 agam
859 3439 923 3488 tam
935 3429 1046 3506 ingenti
1062 3422 1266 3488 dominationis
1284 3421 1485 3506 Ettlefiojiirae
1502 3429 1661 3494 alienatio·

475 3518 525 3585 ni,
547 3508 629 3575 dum
644 3504 742 3572 vides
782 3505 816 3570 ic
833 3507 921 3586 loci,
943 3504 980 3572 δι
996 3506 1031 3570 su
1058 3523 1095 3570 ra
1109 3502 1251 3588 saepius,
1269 3523 1344 3572 eam
1365 3505 1514 3591 stipulari
1532 3510 1590 3592 snb
1607 3513 1658 3578 ie·

474 3590 629 3676 neplnrito·
639 3587 719 3673 sedis
737 3585 906 3670 apostolica.
985 3524 1055 3653 aad,
1074 3589 1160 3653 vero
1189 3587 1398 3684 ignoraverit
1421 3590 1554 3658 Clemens
1572 3595 1654 3676 quid
1702 3627 1712 3646 =

478 3690 656 3760 ageretur,
679 3669 716 3738 δι
744 3670 931 3754 quomodo.
999 3685 1014 3736 t
1035 3671 1072 3734 in
1096 3686 1237 3735 remotis
1255 3671 1297 3736 ab
1322 3671 1417 3738 Urbe
1440 3677 1656 3756 regionibus,

452 3765 456 3770 ’
497 3776 542 3824 uo
561 3756 703 3823 meliore
726 3752 832 3818 modo
855 3753 941 3817 liunt
963 3751 1185 3819 alienationes
1208 3771 1322 3820 rerum
1352 3754 1528 3832 Ecclesiae,
1549 3759 1653 3843 quim

473 3774 534 3905 inb
552 3835 782 3905 reservatione
800 3835 1006 3918 beneplaciti
1021 3835 1232 3918 Apostolici?
1252 3834 1391 3901 Poterat
1409 3839 1583 3916 Pontifex,
1601 3846 1656 3911 ite·

476 3923 552 4003 quit
570 3917 820 3992 Thomailinus,
849 3937 915 3981 eam
943 3918 1184 3984 alienationem
1212 3924 1348 3984 imitare.
1387 3919 1477 4002 Quis
1499 3922 1655 3993 dubitati

473 4001 605 4069 Verum
618 4001 654 4066 id
666 4017 735 4065 non
746 3998 848 4073 fecit,
869 3997 926 4064 sed
941 4002 1092 4082 quinimo
1112 3999 1267 4067 eamdem
1283 4000 1517 4079 confirmavit,
1538 4008 1655 4073 austo-

472 4085 585 4152 ritatis
600 4081 789 4150 Pontificiae
804 4080 899 4146 semul
914 4083 1019 4149 edens
1032 4087 1235 4165 praeclarum
1246 4087 1589 4166 argumentum,dom
1607 4109 1654 4158 ex

471 4167 579 4252 paliis
593 4165 775 4233 conventis
797 4164 888 4230 inter
904 4163 1074 4231 Caesarem
1090 4165 1127 4232 &
1141 4165 1355 4248 episcopum,
1377 4170 1518 4251 excepit
1546 4170 1657 4239 sacul-

423 4267 428 4276 ·
470 4264 578 4318 tatem
590 4266 692 4346 quam
706 4247 765 4312 libi
779 4247 966 4313 reservarat
978 4246 1123 4324 Carolus,
1145 4247 1335 4314 redimendi
1349 4249 1547 4330 pensionem
1567 4254 1655 4322 dun·

470 4350 548 4398 rum
565 4331 708 4397 millium
720 4331 929 4396 florenorum
945 4346 1133 4395 annuorum
1143 4347 1205 4412 per
1218 4331 1383 4394 unionem
1391 4331 1656 4405 beneficiorum:

470 4413 559 4482 hanc
579 4414 671 4480 enim
687 4411 881 4496 pensionem
897 4412 1011 4481 voluit
1031 4413 1164 4484 cenem
1179 4411 1246 4479 eise
1262 4427 1476 4498 perpetuent.
1498 4416 1551 4486 lta
1564 4421 1657 4512 enirn

518 4495 606 4584 Tem.
631 4495 827 4570 illias
855 4517 887 4568 t.
1204 4495 1239 4569 L
1621 4514 1660 4566 tn
