4660 5840
527 611 851 736 ¹TRANSL.
879 609 1174 706 PATRIAE
1203 609 1549 719 TRAJECT.
1584 643 1661 706 101

475 810 650 907 quoddam
676 805 693 904 (
704 807 750 903 2)
775 829 818 880 eu
832 805 913 902 ipsis
929 807 1070 904 oppidis
1091 827 1195 879 manu
1214 823 1345 876 armata
1366 823 1407 876 ac
1426 805 1564 878 militari
1583 805 1662 900 spo·

472 909 590 990 liavit,
615 903 773 998 illudque
794 904 966 976 violenter
990 905 1200 997 occupavit,
1225 901 1270 973 ad
1291 901 1387 993 quod
1412 899 1526 976 rursus
1549 901 1660 975 vindi·
1698 933 1701 942 ·

472 1003 641 1085 candum,
665 1001 758 1074 idem
783 997 962 1071 Fredrricus
983 997 1179 1093 Episcopus
1199 997 1352 1090 ingentes
1371 993 1537 1162 expensas
1561 997 1660 1070 innu-

469 1097 651 1190 merosque
667 1095 804 1170 labores
828 1093 938 1166 subire
962 1091 1100 1168 condius
1127 1093 1202 1166 suit.
1253 1089 1301 1164 Et
1328 1090 1407 1163 dein
1434 1113 1453 1164 e
1478 1092 1571 1166 idem
1595 1099 1659 1166 Ca·

469 1196 550 1267 tolus
575 1193 688 1274 Dux,
721 1189 836 1262 similis
875 1192 1052 1262 memoriae
1078 1191 1256 1279 Philippum
1278 1187 1314 1257 dr
1339 1187 1524 1278 Burgundio
1554 1187 1658 1260 etiam

470 1287 687 1386 Episcopum
705 1285 911 1380 Trajesiens
937 1286 1098 1379 pluribus
1116 1308 1159 1358 ex
1176 1281 1301 1354 eisdem
1323 1277 1439 1356 castris
1462 1282 1499 1356 δι
1516 1284 1662 1377 oppidis-

469 1388 506 1458 vi
534 1380 573 1456 dt
601 1383 703 1456 armis
722 1381 883 1476 spoliavit
910 1377 1041 1475 sibique
1066 1379 1189 1476 injuste
1214 1377 1412 1472 usurpavit,
1437 1399 1503 1471 pro
1530 1379 1658 1472 quibus

468 1479 733 1574 recuperandis,
756 1478 840 1550 licet
855 1477 970 1567 magni
984 1476 1138 1570 sumptus
1156 1499 1176 1550 a
1192 1473 1453 1639 praenominatis
1471 1471 1658 1570 Episcopis

468 1570 551 1648 fatti
574 1573 799 1666 pecuniaeque
823 1573 980 1666 ingentes
1007 1592 1156 1666 erogatae
1210 1591 1352 1654 uerunt,
1376 1588 1489 1640 tamen
1517 1593 1556 1644 ea
1579 1573 1658 1642 loca

468 1667 516 1742 fic
540 1691 628 1742 occu
658 1689 733 1752 ata,
758 1669 795 1739 in
819 1665 976 1738 manibus
1009 1667 1046 1740 ur
1076 1663 1247 1762 potestate
1279 1661 1385 1757 ipsius
1413 1663 1525 1738 Ducis
1550 1666 1657 1738 Caroli

467 1783 727 1860 permanerunt
746 1760 911 1856 usquead
931 1781 1086 1854 tempus,
1113 1785 1185 1856 quo
1202 1761 1344 1832 dilectus
1362 1755 1472 1844 silius,
1498 1765 1656 1834 Herrrr'cur

467 1864 599 1936 Comes
619 1854 794 1930 Palatinus
819 1857 855 1929 &
878 1854 961 1928 Dux
987 1855 1142 1930 Bavariae
1161 1857 1196 1927 in
1222 1853 1436 1950 Episcopum
1454 1853 1657 1950 Trajeiien·

468 1952 536 2028 fem
554 1951 717 2038 Eledius,
743 1954 779 2028 &
801 1948 926 2025 elesiio
946 1951 1141 2046 hujusmodi
1155 1949 1354 2046 Apostolica
1373 1949 1482 2021 sorsnn
1508 1951 1655 2027 auiiori·

468 2068 538 2122 tate
552 2049 752 2122 confirmata
769 2049 890 2121 extitit.
926 2045 1000 2140 Qui
1019 2051 1158 2142 quidem
1176 2047 1329 2117 Herricur
1346 2041 1487 2116 Euenus
1504 2047 1656 2120 animad-

466 2164 603 2217 vertens
623 2167 710 2236 quot
726 2145 848 2214 damna
867 2143 904 2216 &
922 2142 1143 2216 incommoda
1163 2137 1426 2236 praeuecefforcs
1443 2140 1493 2214 sui
1510 2141 1655 2236 Episco-

463 2241 502 2332 pi
526 2237 759 2332 Trajenenses
777 2236 967 2324 subierant,
991 2261 1030 2311 ut
1047 2263 1086 2311 ea
1103 2260 1246 2333 quoquo
1265 2232 1369 2330 padio
1393 2233 1586 2324 resarciret,
1612 2263 1655 2313 ac

463 2335 565 2428 paci,
591 2335 718 2429 quieti,
743 2331 983 2426 securitatique
1009 2333 1077 2406 suae
1101 2357 1142 2408 ac
1171 2331 1385 2405 subditorum
1407 2329 1543 2404 suornm
1569 2357 1654 2406 con·

466 2428 610 2514 soleret,
636 2432 738 2501 talem
762 2430 984 2501 concordiam
1002 2429 1123 2522 ope&
1146 2428 1339 2500 interventu
1364 2427 1567 2500 venerabilis
1586 2429 1653 2501 fra-

468 2527 528 2598 tris
544 2524 647 2596 nostri
665 2519 933 2616 Arthiepiscopi
949 2519 1189 2608 Trevereofis,
1214 2545 1292 2594 curn
1308 2525 1430 2595 eodem
1449 2521 1554 2596 Crtrrlo
1578 2523 1654 2596 Du·

466 2644 506 2693 ce
534 2621 701 2703 iniverat,
726 2641 763 2690 ut
781 2616 853 2712 ipse
874 2619 1028 2690 Henricus
1047 2615 1210 2701 Eledius,
1233 2617 1263 2691 ei
1292 2617 1453 2691 summam
1482 2621 1651 2712 quinquu-

461 2716 556 2808 ginta
574 2715 715 2786 millium
734 2712 942 2786 florenorum
968 2737 1196 2798 enumeraret,
1225 2715 1494 2808 &quorundam
1514 2713 1651 2788 Castro-

463 2832 538 2882 rum
556 2831 807 2903 occupatorum
823 2806 1068 2882 usumfrudium
1086 2811 1128 2882 nd
1144 2811 1213 2904 ejus
1230 2811 1336 2882 vitam
1351 2812 1558 2898 dimitterct3
1570 2834 1655 2906 quae

462 2907 603 2998 quidem
621 2903 727 2976 castra
749 2928 792 2974 eo
811 2902 973 2976 defuneto
993 2905 1105 2978 rursus
1126 2907 1170 2978 ad
1187 2903 1377 2978 Ecclesiam
1395 2907 1565 2995 redirent,
1590 2907 1646 2980 sed

463 3025 501 3072 ea
517 3003 594 3094 lege
607 3053 617 3088 ,
631 2999 653 3070 li
671 3003 785 3093 proles
800 3001 953 3094 legitima
973 3025 1016 3072 ex
1033 3023 1075 3074 eo
1094 2999 1294 3095 superesset,
1315 3003 1363 3073 illi
1378 3005 1469 3098 proli
1481 3003 1647 3076 duntaxat
1714 3035 1719 3046 ·

460 3099 707 3190 quinquaginta
729 3097 821 3166 milia
847 3093 1057 3169 florenorum
1084 3095 1382 3191 persolverentur,
1416 3120 1540 3172 caetera
1561 3122 1650 3172 vero

460 3189 567 3262 castra
587 3189 632 3264 lic
650 3214 821 3285 occupa-ta
838 3213 880 3262 ert
900 3213 985 3264 tunc
1002 3191 1125 3272 eidem,
1141 3191 1276 3264 Herrico
1295 3191 1414 3264 Elesio
1440 3195 1570 3267 restitui
1585 3193 1644 3264 de·

458 3285 600 3368 berent,
633 3307 739 3376 prout
762 3306 844 3356 mox
874 3288 974 3358 etiam
1016 3287 1171 3360 restituta
1204 3286 1357 3359 fuerunt.
1406 3285 1455 3358 Et
1488 3291 1647 3383 quamvis
1725 3339 1730 3351 ·

461 3379 572 3451 didius
607 3379 760 3450 Henrr'rus
784 3377 946 3464 Electus,
972 3405 1011 3454 ea
1037 3383 1225 3456 concordia
1258 3381 1304 3454 lic
1331 3381 1476 3454 stabilita
1502 3386 1648 3456 omnino

456 3473 608 3566 speraret
624 3474 657 3546 se
674 3475 836 3566 deinceps
856 3475 982 3547 summa
1001 3479 1035 3548 in
1052 3498 1137 3570 pace
1154 3477 1452 3572 &tranquillitate
1478 3477 1545 3551 und
1564 3502 1645 3552 cum

457 3569 601 3642 subditis
632 3567 700 3641 suis
730 3569 1013 3663 permansurum,
1049 3573 1270 3647 nibilominus
1308 3571 1380 3666 ipsc
1408 3571 1534 3646 Carolus
1556 3573 1647 3652 Dux

455 3665 572 3738 oblata
596 3661 775 3737 occasione
795 3668 890 3758 quod
908 3668 1000 3740 idem
1027 3669 1181 3740 Heurr'cus
1205 3665 1346 3740 Elestus
1375 3669 1510 3742 interim
1530 3693 1643 3766 popu·

452 3761 515 3832 lari
534 3761 699 3834 seditione
717 3758 829 3832 suerat
850 3760 1025 3854 repulsus,
1044 3765 1220 3835 immemor
1236 3761 1372 3836 soederis
1390 3765 1426 3838 dt
1445 3769 1648 3840 concordiae

455 3855 671 3949 hujusmodi,
696 3853 871 3928 Castra&
900 3857 1045 3950 Oppida
1065 3860 1185 3952 patriae
1203 3856 1486 3952 Transyssellanae
1504 3861 1646 3934 invade·

453 3975 513 4037 re,
549 3975 654 4046 eaque
694 3949 872 4024 obsidione
897 3975 1056 4045 premere
1088 3953 1221 4025 veritus
1258 3975 1329 4025 nou
1361 3951 1434 4028 fnit
1486 3953 1645 4030 Etcum

456 4045 657 4120 Castrorum
677 4043 715 4120 dt
735 4043 960 4138 Oppidorum
983 4045 1224 4139 praediuorum
1240 4046 1406 4121 Consules
1425 4049 1461 4124 ἃ
1482 4047 1643 4124 Praesesti·

454 4142 498 4212 ad
534 4164 639 4235 opem
674 4142 710 4214 δι
739 4141 904 4213 auxilium
939 4143 1192 4234 implorandum
1225 4147 1270 4216 ad
1302 4143 1429 4216 didium
1467 4148 1644 4217 Herticurrt

452 4233 614 4312 Electum
631 4234 879 4332 confugissent,
906 4237 943 4312 dt
959 4239 1017 4311 ille
1034 4256 1156 4334 utpote
1181 4261 1225 4314 ex
1245 4239 1303 4314 sua
1328 4240 1466 4316 civitate
1490 4237 1647 4334 ejectus,

373 4400 379 4415 .
495 4424 559 4510 iu)
582 4422 747 4510 Quidum·
767 4426 813 4496 V.
832 4425 875 4496 de
894 4425 954 4496 W,
975 4425 1247 4596 malefiqpodamm
1503 4335 1650 4432 opibus.

1090 4577 1094 4589 ·
1117 4544 1139 4618 3
