4678 5804
664 672 760 758 «ιω
821 640 1121 741 unuani
1159 641 1205 738 s.
1245 583 1711 754 sauvnnonrs.

523 883 540 920 .’
580 927 581 932 η
678 881 703 920 υ
726 844 795 914 luti
821 861 872 912 um
900 839 1123 914 Seruatinnttn
1151 859 1232 908 anno
1259 857 1397 910 uuxx.
1423 850 1589 913 mutuam.
1639 841 1710 936 Ipse
1728 851 1800 919 utro
1817 848 1873 922 de·

678 977 704 1013 n
728 961 761 1011 ct
786 951 904 1008 stanno
919 953 1130 1007 sruxxvu.
1143 954 1183 1004 ex
1196 928 1866 1100 nobilissanriquiffmafamiliaoriundus,

679 1072 704 1109 n
729 1036 820 1127 cujus
845 1031 985 1104 hodierno
1007 1029 1060 1100 die
1073 1030 1239 1122 supersunt
1270 1030 1418 1119 reliquie.
1496 1049 1637 1106 raeterea
1662 1035 1872 1112 memoratur

536 1165 624 1230 1517·
681 1167 705 1204 n
728 1127 836 1198 Anno
852 1143 1032 1198 uoxvu.
1050 1145 1123 1217 quo
1147 1142 1301 1216 ternpore
1317 1123 1477 1215 Philippus
1495 1125 1705 1222 Burgundio,
1730 1149 1873 1206 mortuo

526 1296 533 1310 ,
681 1263 706 1302 n
731 1217 1092 1316 Badtnfi,Episcopue
1112 1214 1242 1291 elesius
1259 1219 1304 1292 ad
1321 1217 1552 1312 possesionem
1568 1221 1789 1320 episcopatus
1804 1229 1870 1318 ¹ad·

683 1359 707 1395 n
733 1313 848 1390 missus
868 1316 945 1402 est,
981 1315 1017 1386 in
1041 1312 1230 1408 diplomate
1258 1314 1353 1410 apud
1379 1315 1511 1390 Matth.
1538 1337 1624 1391 tom.
1648 1318 1678 1390 l.
1708 1320 1869 1408 Analedl.

683 1454 707 1490 „
732 1409 854 1484 Veter.
875 1412 943 1482 aevi
963 1432 1042 1503 pag.
1073 1429 1313 1482 ccuxxxsr.
1341 1407 1401 1482 ubi
1418 1429 1531 1482 tamen
1549 1416 1638 1486 male
1659 1414 1812 1487 Henritus
1833 1418 1871 1489 de

677 1549 708 1584 -η
733 1505 880 1597 Locborsl
895 1525 1051 1576 vocatur.
1102 1505 1257 1576 Eundem
1279 1502 1393 1576 adhue
1418 1502 1626 1600 superstitem
1650 1505 1765 1591 fuisse,
1792 1534 1872 1583 cum

685 1643 708 1680 n
732 1625 867 1674 mortuo
895 1600 1031 1691 Philippu
1060 1600 1280 1690 Burgundito,
1299 1635 1303 1654 ·
1319 1599 1476 1671 Hauricus
1500 1605 1651 1675 Bauarus
1672 1601 1873 1700 Episcopus

538 1730 625 1792 1524·
675 1739 710 1775 ,η
734 1693 954 1788 Trajettims
978 1693 1189 1786 eligebatur,
1213 1694 1250 1764 id
1273 1692 1321 1766 est
1342 1692 1445 1764 Anno
1466 1715 1658 1770 ιιιιιιιιιν.
1678 1700 1810 1773 constat
1831 1725 1874 1772 ex

685 1835 709 1871 ‚‚
734 1792 958 1864 instrumento
980 1791 1075 1860 edito
1094 1791 1189 1881 apud
1209 1787 1417 1863 Matthaeum
1435 1791 1478 1860 ad
1495 1791 1675 1886 Anonym.
1697 1791 1784 1865 Bell.
1803 1795 1874 1868 Co·

675 1929 710 1965 .‚‚
735 1888 836 1960 vord.
854 1907 934 1979 pag.
959 1893 1103 1954 cxx1'1.
1120 1881 1224 1957 Obiit
1237 1904 1323 1955 vero
1341 1879 1602 1956 dieleenfis
1614 1887 1762 1980 Augusti
1778 1879 1870 1962 anno

687 2023 711 2060 n
735 2003 762 2053 ιι
774 1999 948 2053 uxuvrr.
962 1977 1150 2050 secundum
1167 1977 1618 2072 NectologiumSalvatoris
1634 1984 1763 2055 editum
1775 1989 1870 2078 apud

677 2105 709 2155 'v
735 2077 939 2150 Matthaeum
957 2075 992 2144 in
1010 2071 1162 2144 Fundat.
1183 2070 1317 2148 luceres.
1332 2076 1393 2146 lib.
1410 2071 1437 2143 Ι.
1456 2093 1537 2167 pag.
1557 2097 1652 2149 xcv.
1671 2079 1732 2150 ubi
1754 2102 1868 2154 tamen

677 2213 708 2250 ·„
733 2175 846 2257 male,
880 2169 950 2242 five
973 2167 1220 2262 descriptoris,
1261 2166 1331 2241 five
1358 2171 1574 2263 typographi
1603 2194 1740 2260 errore,
1779 2176 1872 2248 Anno
2010 2195 2014 2204 ·

684 2309 708 2347 s,
733 2291 774 2341 ιι.
802 2291 890 2341 ccc.
920 2285 1061 2336 xxvut.
1091 2285 1249 2340 mortuus
1280 2261 1378 2334 fuisse
1407 2265 1555 2336 dicitur:
1591 2289 1658 2361 pro
1688 2289 1758 2361 quo
1781 2272 1870 2342 Anno

684 2403 708 2440 n
733 2385 770 2434 ιι.
797 2384 851 2435 no.
876 2381 1020 2434 xxvtu.
1043 2359 1225 2451 legendum
1244 2358 1309 2432 else
1328 2357 1505 2452 superiora
1523 2359 1701 2436 evincunt.
1728 2363 1872 2438 Praeter·

539 2511 544 2518 -
589 2505 593 2514 ·
684 2498 708 2535 υ
734 2455 958 2552 quam'quod
983 2456 1119 2526 aliunde
1143 2456 1246 2526 etiam
1272 2454 1403 2526 constet
1432 2456 1597 2547 Aegidium
1624 2455 1754 2547 Pauster
1779 2483 1874 2533 anno

684 2593 708 2630 n
734 2574 771 2624 ιι.
792 2574 880 2625 ccc.
906 2572 1050 2622 xxvtt.
1077 2545 1442 2622 EcclesraeSalvatoris
1461 2547 1640 2622 Decanum
1661 2551 1784 2646 egisse,
1810 2557 1872 2648 qui

684 2689 708 2725 ss
730 2650 799 2742 jam
815 2669 905 2720 anno
926 2667 964 2716 ιι.
982 2667 1070 2718 ece.
1090 2667 1145 2717 xv
1158 2666 1230 2717 111.
1250 2665 1323 2716 earn
1340 2644 1543 2736 dignitatem
1559 2646 1731 2736 obtinuit,
1758 2647 1794 2719 δι
1812 2655 1871 2722 de·

677 2765 708 2818 ἠ
734 2765 827 2814 mum
849 2743 903 2814 die
922 2739 1306 2834 lV.Septembr.Anno
1324 2760 1362 2810 ιι.
1382 2761 1470 2810 ecc.
1488 2761 1586 2811 xxx.
1610 2743 1711 2814 obiit.
1736 2741 1871 2816 Vitium

554 2876 564 2887 ·
679 2879 707 2917 ·‚‚
732 2839 768 2910 in
782 2839 922 2910 laudato
937 2833 1155 2927 Necrologio
1172 2832 1406 2920 commissum,
1429 2857 1529 2921 eum,
1554 2837 1614 2927 qui
1633 2842 1872 2910 annotationes

682 2975 708 3012 n
732 2934 769 3005 iu
786 2931 1037 3027 Episcopatum
1055 2928 1292 3023 Traieilinum
1312 2927 1527 3020 composuit,
1551 2931 1586 3000 in
1611 2953 1761 3002 errorem
1781 2934 1871 3003 abri-

686 3069 710 3106 „
735 3029 814 3122 puit
829 3049 913 3100 tom.
926 3025 952 3096 1.
974 3047 1053 3119 pag.
1069 3045 1179 3122 vectu.
1202 3025 1274 3100 edit
1287 3026 1323 3095 in
1343 3029 1375 3100 8.
1389 3025 1426 3095 iu
1444 3022 1597 3118 solpag.
1615 3043 1667 3096 ur.
1693 3043 1715 3076 ‘⁴
1740 3023 1874 3100 Haste·

688 3147 754 3198 uus
777 3123 1003 3194 Burmannus.
1344 3194 1348 3202 ,

732 3217 902 3290 Existimo
928 3231 1163 3288 annotatorem
1189 3213 1360 3286 Henrt'cunt
1378 3234 1442 3284 uun
1457 3212 1530 3308 Ryn
1542 3261 1554 3299 ,
1578 3211 1614 3284 in
1635 3233 1788 3288 errorem
1807 3238 1871 3310 po·

683 3313 753 3386 tius
778 3313 961 3405 abreptum
987 3305 1085 3383 suiffe
1118 3333 1182 3404 per
1209 3303 1462 3393 Heuffenium,
1494 3306 1591 3401 cujus
1615 3310 1874 3388 lucubrationes
1942 3384 1950 3390 .

684 3407 820 3502 belgice
839 3405 1009 3494 reddidit,
1034 3406 1071 3480 δι
1088 3407 1151 3501 qui
1165 3405 1261 3478 bunc
1277 3423 1429 3477 errorem
1446 3403 1718 3500 primuserravit
1734 3409 1769 3479 in
1782 3407 1872 3482 Hist.

683 3503 803 3600 Episc.
825 3499 949 3596 Ultraj.
967 3524 1002 3595 p.
1024 3521 1107 3590 535.
1134 3502 1202 3573 eol.
1222 3511 1252 3572 2.
1278 3501 1331 3572 uti
1348 3497 1386 3570 de
1400 3499 1503 3572 alium
1526 3521 1608 3594 pag.
1632 3505 1689 3579 28.
1709 3502 1771 3575 ubi
1790 3505 1873 3574 Her-

684 3620 834 3672 mannum
853 3597 1004 3668 nostrum
1024 3595 1140 3668 statuit
1158 3593 1277 3668 obiisse
1293 3616 1385 3666 anno
1400 3614 1503 3686 1529.
1522 3595 1595 3666 Sed
1611 3597 1671 3666 hie
1688 3601 1743 3668 vit
1758 3599 1873 3670 indili-

685 3716 772 3790 gens
788 3692 867 3764 suit.
920 3686 1030 3764 Porro
1046 3690 1089 3763 de
1111 3689 1185 3785 ejus
1202 3691 1376 3762 erroribus
1402 3711 1589 3782 numquam
1612 3686 1744 3762 laborat
1764 3692 1871 3764 inter·

685 3812 769 3885 pres
795 3787 969 3872 isenricus,
995 3783 1073 3858 satis
1097 3786 1224 3858 habeus
1251 3781 1307 3854 sua
1329 3785 1499 3857 adducere
1517 3804 1561 3854 ex
1582 3783 1713 3876 genio,
1738 3785 1775 3858 &
1799 3808 1871 3860 tam

547 3911 552 3922 ’
684 3879 1153 4071 {sustulisset
1166 3878 1345 4046 salta.
1359 3873 1666 4066 {diffidis}
1682 3876 1869 4072 ilias?

684 4077 744 4150 vel
759 4073 802 4145 ad
819 4093 871 4144 res
888 4071 1106 4163 peregrinas,
1130 4067 1278 4160 aliasque
1296 4090 1366 4142 nou
1385 4066 1455 4141 fine
1468 4067 1592 4163 injuria
1606 4070 1752 4144 odiosas.
1856 4031 1870 4072 ’

733 4167 775 4239 ln
790 4165 969 4241 annalibus
986 4167 1179 4238 vernaculis
1196 4164 1343 4238 Heuricae
1356 4166 1397 4236 ud
1414 4164 1483 4256 Etp
1501 4161 1706 4254 Abbatiffae,
1719 4168 1780 4260 qui
1795 4165 1873 4244 sunt

683 4263 781 4358 apud
801 4261 933 4334 Matth.
954 4259 1109 4332 Anaiedl.
1129 4279 1213 4332 tom.
1236 4279 1268 4330 1.
1293 4261 1393 4333 Alius
1417 4258 1533 4332 rursus
1557 4279 1692 4333 erratur
1710 4283 1806 4334 error
1827 4266 1872 4340 de

741 4379 865 4439 masso
888 4353 1027 4450 solbe,
1050 4353 1113 4456 qui
1135 4354 1221 4440 ibid·
1238 4374 1277 4454 p.
1299 4359 1380 4458 ult.
1408 4352 1532 4460 ussisse
1551 4355 1755 4454 perhibetur
1773 4379 1872 4552 ἓξὲξ
1962 4461 1963 4466 Ν
