4678 5804
663 617 751 719 226
808 605 1296 704 uumuosuur
1335 607 1383 703 s:
1428 539 1703 708 uuum-t.

541 843 600 908 An,
716 807 780 883 lx.
807 803 1105 878 witimirus
1140 796 1210 874 sive
1240 799 1408 874 Waittrut
1436 798 1476 876 δι
1499 803 1662 880 Wuberus
1687 801 1865 905 Praeporz

527 926 614 1002 119⁶·
670 928 742 984 tos.
791 901 834 974 lu
860 900 992 972 Charta
1020 899 1201 988 cuiusdam
1232 894 1468 992 transabiionis
1491 901 1581 974 inter
1604 903 1799 997 capitulum
1820 905 1864 978 St.

671 999 798 1077 Mariae
813 995 850 1070 &
868 997 962 1066 cives
982 987 1230 1085 Uitrajettinos
1246 993 1326 1064 anni
1344 1001 1445 1082 1196.
1471 991 1520 1066 est
1544 994 1728 1072 Woirbrrus
1746 1000 1781 1072 S.
1799 1000 1862 1074 Pe·

675 1100 719 1170 tri
749 1086 932 1183 Proposstut
964 1087 1059 1179 apud
1091 1085 1136 1157 A.
1174 1083 1298 1158 Mutth.
1333 1085 1378 1158 de
1406 1087 1478 1180 Jur.
1515 1085 1623 1162 Glad.
1646 1112 1684 1187 p.
1712 1093 1862 1186 383.-Iu

675 1189 806 1264 Charta
834 1183 1009 1256 Theudorici
1030 1182 1069 1252 dr
1091 1186 1160 1254 Art
1183 1178 1353 1277 Episcopi
1378 1188 1453 1278 ejus
1479 1186 1628 1260 nominis
1654 1184 1796 1261 secundi
1817 1187 1863 1261 do

675 1304 769 1360 anuo
784 1301 887 1354 1200.
911 1275 1006 1350 testis
1022 1275 1069 1350 est
1081 1275 1246 1348 Woltetus.
1259 1277 1293 1350 ἃ
1308 1275 1399 1350 Petri
1409 1275 1600 1370 praeposttur.
1633 1279 1728 1355 Hist.
1745 1281 1865 1379 Episct

676 1379 848 1454 Daventr.
873 1396 908 1468 p.
933 1374 1012 1461 187.
1038 1373 1112 1443 col.
1127 1390 1157 1442 1.
1176 1372 1212 1442 in
1228 1367 1307 1444 fine.
1360 1367 1471 1460 Porro
1486 1376 1524 1448 iu
1549 1373 1682 1449 Charta
1699 1375 1869 1474 composi·

677 1474 784 1549 tionis
808 1471 898 1541 iuter
922 1467 1079 1540 eumdem
1106 1465 1321 1538 Heudoricum
1342 1465 1561 1564 Episcopum·
1587 1468 1625 1543 δι
1652 1469 1868 1546 suetonium

550 1619 551 1622 κ
612 1616 622 1635 .
679 1567 764 1642 Vll'.
790 1563 963 1640 Comitem
981 1559 1202 1645 Hoilaudiae,
1227 1581 1307 1653 quae
1324 1564 1368 1635 de
1387 1583 1478 1635 anuo
1497 1582 1600 1654 1²04·
1625 1561 1675 1639 est
1692 1570 1785 1662 apud
1801 1565 1872 1640 Bu·

533 1659 556 1756 ,ζ
661 1664 834 1738 ·chelium
848 1660 894 1733 ad
911 1655 1060 1730 Hedam.
1075 1675 1122 1750 p..
1138 1661 1217 1746 u89.
1250 1657 1312 1732 ubi
1332 1655 1493 1732 scribitur
1515 1658 1680 1734 Watreno
1691 1657 1872 1758 praepofit'ut

681 1759 719 1835 S.
734 1758 851 1831 Petri..
1311 1807 1317 1820 .

684 1911 686 1917 .
731 1848 864 1923 Nescio
880 1867 927 1918 an
940 1843 1104 1918 Woitrrus
1156 1841 1374 1918 ostorioribut
1398 1847 1501 1920 etiam
1530 1845 1757 1923 aruir-suerit
1777 1847 1869 1922 Prae·

682 1941 828 2045 positus.
878 1940 927 2017 Et
956 1940 1099 2013 dubium
1140 1961 1214 2014 tex
1231 1937 1361 2012 Charta
1379 1944 1472 2037 apud
1498 1940 1647 2016 Buchtlt
1670 1941 1715 2015 ad
1729 1941 1869 2018 Hedam

683 2064 723 2138 p.
750 2060 832 2135 203.
857 2037 893 2109 in
913 2030 1049 2130 quaest
1076 2033 1240 2106 Wolterut
1256 2032 1446 2130 Praepofitur
1472 2037 1507 2111 S.
1526 2035 1616 2110 Petri
1643 2059 1734 2111 anuo
1764 2043 1868 2115 1228r

684 2136 744 2231 qui
757 2136 897 2208 videtur
919 2128 994 2204 ess'e·
1012 2129 1114 2204 alteri
1142 2125 1335 2224 Praeposrto
1357 2131 1585 2219 tribuendus,
1609 2153 1649 2206 ut
1662 2130 1752 2206 infra
1769 2155 1869 2230 pate·

679 2229 748 2306 bit.
795 2228 905 2301 Error
919 2221 1012 2296 sorte
1028 2219 1114 2296 inest
1130 2227 1303 2310 numeris,
1327 2247 1407 2298 nam
1425 2225 1469 2297 Α.
1494 2225 1626 2299 Mutth.
1649 2223 1868 2325 subscriptio·

681 2347 762 2402 nem
782 2324 883 2417 hujus
903 2319 1044 2393 Chartae
1059 2315 1300 2392 transscribem
1325 2323 1362 2393 io
1387 2316 1570 2393 trastatum
1591 2319 1690 2396 soum
1717 2324 1762 2398 de
1790 2321 1869 2398 No·

682 2421 746 2496 bil.
765 2440 803 2513 p.
829 2420 909 2508 798.
935 2413 985 2486 illi
1007 2413 1128 2486 tribuit
1143 2435 1268 2486 annum
1288 2435 1391 2486 1200.
1416 2411 1621 2488 Heuffeniuo
1641 2418 1677 2491 iu
1706 2420 1868 2515 catalogo

685 2537 758 2589 noo
783 2513 876 2590 ultra
899 2531 1026 2583 aunum
1053 2527 1154 2583 1200.
1179 2505 1355 2604 adscripsit
1385 2509 1530 2582 Woltero
1550 2507 1750 2606 Praepofito.

603 2673 611 2690 .
731 2608 775 2683 X.
798 2607 1046 2688 wionius,
1072 2601 1263 2695 ngerus,
1287 2606 1457 2697 Wegms
1481 2605 1518 2678 δι
1538 2605 1705 2679 Wkierus
1723 2631 1812 2682 uuor
1827 2605 1868 2682 δι

615 2751 624 2770 ·
683 2705 788 2778 idem.
812 2700 852 2772 ln
875 2697 1006 2771 Charta
1030 2696 1208 2768 Ottonirdt
1265 2701 1273 2716 ⁰
1311 2701 1342 2768 io
1360 2703 1433 2790 ejus
1449 2700 1595 2771 nominis
1611 2699 1752 2776 secundi
1781 2703 1868 2800 Epi·

683 2797 743 2878 sco
771 2789 1013 2888 iUltrajeiiini
1030 2789 1112 2862 anni
1133 2811 1235 2862 uuor.
1260 2815 1279 2866 e
1320 2793 1382 2867 Wt'
1402 2814 1473 2864 erus
1487 2793 1522 2866 S.
1540 2790 1634 2867 Petri
1648 2795 1868 2890 Praepofitus.

683 2820 777 2968 ffli,
803 2891 920 2986 Epist.
942 2887 1113 2962 Daventr.
1131 2907 1167 2980 p.
1192 2905 1249 2972 29.
1267 2889 1335 2961 col.
1365 2909 1394 2959 1.
1418 2885 1459 2956 lo
1489 2886 1621 2960 Charta
1648 2893 1806 2980 Gisrlhrrti
1833 2893 1870 2964 dt

617 3035 625 3054 .
686 2987 823 3080 Amstcit
857 2983 937 3060 anni
972 3002 1076 3069 1²24·
1126 2978 1176 3051 est
1205 2981 1397 3076 ngerust
1432 2983 1521 3074 apud
1546 2981 1680 3056 Matth.
1711 2983 1868 3061 Analett.

687 3101 773 3154 tom.
793 3087 826 3154 6.
843 3102 878 3175 p.
898 3083 957 3164 5⁶.
984 3075 1023 3148 ln
1046 3073 1178 3148 Charta
1197 3077 1324 3148 Orionis
1334 3076 1404 3170 jam
1423 3073 1506 3146 dieii
1524 3075 1568 3148 de
1591 3099 1683 3154 anuo
1703 3077 1870 3170 roupest

537 3247 541 3254 ,
618 3218 625 3239 ·
687 3175 856 3269 Wirgerm
868 3199 889 3258 3.
904 3175 948 3244 de
973 3169 1055 3263 Jor..
1074 3165 1190 3246 Grau..
1206 3191 1242 3262 p.
1256 3190 1344 3259 -425,
1370 3168 1410 3240 ln
1429 3166 1558 3243 Charta
1574 3173 1654 3245 anni
1675 3180 1777 3246 1226.
1792 3193 1869 3246 'rur-

564 3307 569 3323 ·
687 3269 763 3356 sus,
788 3270 957 3364 Wigerus,
982 3269 1018 3335 in
1038 3265 1104 3336 alia
1122 3263 1201 3336 anni
1226 3284 1328 3356 1227.
1352 3263 1401 3336 est
1424 3265 1602 3338 Wtkirrus.
1628 3267 1720 3341 Vide
1744 3291 1871 3343 utram

684 3386 753 3462 que
769 3365 861 3458 apud
881 3360 1070 3432 Matth.ad
1094 3357 1270 3454 Anonym.
1297 3379 1334 3455 p.
1356 3363 1436 3433 160.
1465 3365 1545 3432 161.
1569 3359 1708 3439 Dubito
1729 3387 1774 3439 an
1799 3361 1884 3438 W·-

682 3481 777 3555 gerus
792 3460 882 3531 idem
905 3455 946 3526 sit
968 3454 1029 3549 qui

735 3552 796 3626 XI.
824 3551 1004 3632 Wolterut,
1030 3569 1109 3618 nam
1131 3548 1164 3618 in
1195 3545 1326 3622 Chatta
1344 3547 1685 3626 conradi-Cardiualis
1702 3551 1870 3627 Portuen·

687 3647 756 3733 iis,
781 3648 818 3720 δι
836 3643 871 3716 S.
890 3641 1036 3714 Ruffinae
1053 3640 1183 3736 Episco
1210 3643 1243 3722 i,
1260 3663 1302 3714 ac
1323 3643 1409 3716 sedis
1422 3645 1621 3736 apostolico
1643 3649 1766 3738 legati,
1792 3665 1872 3738 qum

691 3739 862 3834 eii-apud
888 3736 1089 3810 Buchelium
1115 3737 1158 3808 ad
1219 3735 1317 3806 odam
1339 3757 1418 3829 pag.
1452 3755 1533 3806 200.
1560 3757 1639 3810 201.
1665 3741 1718 3814 bis
1746 3738 1878 3832 legitur.

652 3901 655 3906 .
691 3837 855 3917 Wolterus
879 3829 1061 3924 Proposttus
1087 3833 1122 3903 S.
1140 3831 1235 3904 Petri.
1261 3827 1323 3900 Est
1351 3830 1756 3921 autemauni1225.&
1782 3836 1870 3907 malo

690 3931 928 4004 adscribuntur
963 3929 1000 3997 bi
1021 3928 1212 4000 numerales
1234 3926 1377 3998 litterae:
1411 3927 1507 3998 Auno
1530 3927 1662 3999 Domini
1689 3925 1881 4006 MCXXV..

689 4025 779 4102 ΕΠ.
805 4023 880 4096 Isos.
906 4021 1081 4092 Februarii.
1114 4042 1193 4092 uam
1221 4040 1299 4090 cum
1319 4039 1439 4111 agatur
1453 4020 1497 4092 de
1523 4021 1754 4096 controversa
1780 4023 1870 4095 iuter

691 4121 838 4192 Orionem
863 4115 1077 4210 Episcopum
1090 4112 1126 4184 &
1149 4113 1337 4190 Eiorttttiutu
1355 4111 1528 4188 Comitem
1543 4115 1765 4204 Hollaitdiae;
1780 4117 1877 4191 inter·

689 4215 860 4294 ottonem,
884 4212 1044 4300 inquam,
1068 4211 1106 4278 de
1121 4211 1256 4300 Lippit,
1281 4209 1316 4282 id
1330 4209 1398 4290 est,
1413 4212 1485 4303 ejus
1502 4211 1649 4284 nominis
1664 4212 1871 4294 secuudum,

685 4303 904 4408 perspicuum
923 4301 974 4375 est
992 4300 1092 4374 scribi
1108 4299 1276 4374 debuisse:
1288 4303 1380 4374 Anno
1400 4304 1530 4373 IJotniot'
1548 4303 1754 4382 MCCXXV.
1768 4305 1870 4378 Cete-

685 4423 766 4489 rum
783 4401 848 4482 boi
873 4393 1082 4504 proporro
1107 4395 1284 4478 ditinum
1309 4396 1603 4495 exhibeo.„quod
1626 4425 1697 4482 nou
1720 4399 1762 4478 sit
1787 4396 1874 4575 salgi-

696 4555 700 4564 ·
1175 4557 1181 4568 ·
1480 4557 1487 4568 ·
1854 4545 1883 4588 h
