4660 5840
548 581 858 696 TRANSL.
882 569 1155 670 P-ATRlAE
1181 567 1543 682 TRAJECT.
1575 607 1653 671 uu

469 792 624 891 sigillata
636 782 762 896 ‚tigillo
784 793 894 854 aureo
915 763 1070 868 appenso
1091 762 1246 842 cordula
1266 760 1384 840 sericae
1405 765 1535 842 coloris
1550 771 1657 846 tobel

469 889 506 964 da
533 901 661 960 crocei.
1404 955 1654 1036 leppu,

467 1129 546 1216 qoud
600 1123 710 1199 ocidit,
740 1114 857 1204 4111111111
883 1129 968 1200 nova
993 1105 1080 1194 amsii
1102 1103 1184 1189 lotia
1203 1103 1398 1188 fitperumit,
1418 1122 1486 1189 qoae
1504 1111 1658 1192 pampro*

467 1234 525 1278 non
561 1215 605 1274 uit
625 1211 750 1295 cognitu.
793 1201 844 1267 lta
861 1197 916 1262 ille
934 1191 1009 1276 post
1024 1194 1165 1275 longum
1184 1187 1372 1266 Dodiorum
1387 1205 1522 1335 apamen,
1543 1189 1650 1274 Quae.

467 1317 507 1361 ro
524 1313 609 1379 ego,
631 1308 674 1355 an
697 1305 750 1352 res
766 1279 1001 1363 Ultrajetlinae
1016 1281 1048 1342 in
1061 1273 1158 1338 eodem
1166 1269 1250 1352 sidtu
1270 1289 1485 1354 permanere
1504 1270 1564 1337 sub
1584 1271 1649 1339 Ba-

464 1383 574 1444 varu?
594 1374 652 1440 An
672 1371 707 1434 'in
727 1387 791 1448 eo,
842 1371 875 1427 ai
898 1377 1025 1444 tempure
1098 1353 1237 1438 offonis
1255 1354 1400 1436 mutiat?
1422 1355 1478 1420 An·
1500 1355 1586 1422 nihil
1603 1356 1653 1424 de

464 1478 560 1532 novo
579 1453 730 1526 emersit,
749 1386 844 1534 quos
862 1461 944 1510 novo
958 1376 1332 1525 apotffiltrajedienses
1347 1435 1493 1520 indigebat
1507 1440 1654 1505 auxilio?

465 1542 521 1624 An
540 1558 610 1610 non
628 1533 825 1620 supervenit
842 1545 926 1593 novo
947 1523 1054 1620 causa,
1079 1527 1225 1606 principio
1245 1540 1303 1608 non
1321 1524 1463 1600 cognitu?
1493 1519 1550 1586 An
1570 1525 1652 1590 haec

465 1627 603 1692 demum
624 1617 742 1692 causa,
758 1611 841 1696 justa
864 1625 933 1675 non
957 1607 1042 1682 sitit,
1062 1617 1102 1672 ot
1122 1597 1344 1669 censerentur
1358 1599 1569 1686 Respublicae
1583 1605 1647 1672 Ul-

466 1704 653 1790 trajeetinae
669 1697 814 1781 amplius
833 1695 957 1775 sonna
979 1689 1197 1753 nonnosus?
1217 1684 1273 1750 An
1293 1685 1345 1750 his
1363 1687 1521 1752 omnibus
1541 1687 1649 1772 reira-

467 1790 622 1874 gabitur,
633 1803 677 1850 ex
694 1781 766 1846 solo
780 1776 902 1862 patriae
918 1789 1036 1838 amore
1053 1771 1089 1837 δι
1105 1765 1419 1844 commiseratione,
1429 1770 1487 1850 qui
1500 1769 1563 1836 lios
1575 1789 1650 1838 om·

464 1889 526 1938 nes
546 1866 707 1936 trastatus
722 1875 782 1928 aut
793 1871 891 1925 certe
909 1855 1123 1939 praecipuos,
1143 1851 1252 1924 vidit,
1270 1850 1435 1932 inspexit,
1456 1852 1560 1949 longa
1577 1873 1652 1922 ma.

464 1955 633 2022 ditatione
648 1945 842 2033 pervolvit,
867 1947 1120 2006 commentatos
1141 1932 1210 2009 est,
1228 1945 1304 1998 act
1330 1934 1381 2015 pis
1395 1935 1571 2018 vulgavit?
1591 1939 1651 2007 An

461 2039 547 2124 ‘Joris
561 2029 721 2101 canonici
763 2026 887 2098 eritne,
910 2017 1065 2086 oblivisci
1080 2017 1197 2100 potuit
1210 2015 1285 2080 noti
1309 2016 1367 2079 oni
1386 2018 1464 2082 'uris
1480 2017 1596 2105 scripti
1610 2023 1648 2090 sn

468 2121 546 2203 Cap.
560 2114 702 2199 atsuper.
788 2109 848 2176 rei.
867 2103 945 2169 arci.
967 2105 1055 2168 olim.
1075 2098 1131 2166 ves
1148 2117 1216 2192 noa.
1236 2097 1299 2164 obi
1317 2035 1549 2178 possessiones,
1569 2123 1649 2185 quae

466 2200 626 2274 Ecclestae
655 2196 766 2260 minus
793 2189 868 2254 sunt
897 2185 1026 2262 utiles,
1057 2200 1123 2266 pro
1152 2181 1225 2246 aliis
1256 2180 1449 2247 utilioribus
1479 2185 1649 2253 alienandi

467 2279 627 2366 (servatis
644 2271 838 2351 servandis)
857 2267 964 2336 libera
978 2263 1189 2334 conceditur
1207 2260 1375 2330 facultas?
1402 2265 1439 2330 si
1458 2285 1512 2332 res
1535 2269 1653 2336 minus·

466 2367 568 2432 utilea
588 2362 672 2428 licet
688 2359 838 2423 alienare
847 2397 858 2430 ,
872 2351 984 2416 eritne
1000 2360 1123 2415 contra
1140 2361 1279 2412 omnem
1298 2347 1492 2428 aequitatem
1502 2395 1513 2426 ,
1523 2366 1647 2418 contra

465 2450 578 2534 leges,
599 2455 724 2510 contra
737 2441 792 2524 jus
804 2435 840 2504 δι
858 2433 1006 2517 abjicere
1023 2449 1043 2497 a
1059 2429 1093 2496 se
1108 2447 1182 2495 rem
1200 2426 1360 2506 fraciam,
1382 2430 1646 2513 pessumdatam,

465 2527 678 2598 damnosam,
691 2524 762 2589 imo
804 2516 967 2608 orditam,
984 2513 1132 2609 deuote,
1153 2511 1265 2578 steatn
1278 2509 1411 2586 serves,
1432 2512 1467 2578 in
1488 2516 1650 2600 praecipi..

467 2629 539 2681 tem
560 2625 595 2679 te
614 2607 748 2673 ruinam
787 2605 843 2670 eti
865 2597 961 2682 Quid
976 2611 1067 2664 enim
1091 2595 1183 2660 aliud
1208 2593 1369 2669 edicunt,
1391 2595 1586 2674 declarant,
1605 2598 1647 2666 'dt

465 2689 686 2762 contestando
703 2683 909 2778 denuntiant
918 2707 935 2755 ,·
948 2677 1072 2764 Episco
1092 2695 1154 2772 us.
1175 2675 1324 2750 Cieros,
1341 2676 1576 2762 Magistratus?
1598 2681 1650 2748 Hi

467 2793 586 2844 omnes
613 2775 704 2838 hanc
727 2769 967 2835 alienationem
991 2780 1059 2828 con
1101 2773 1265 2835 atterunt,
1288 2775 1357 2824 non
1378 2759 1467 2828 solus
1487 2761 1647 2834 Henritut.

411 2902 414 2909 ·
466 2861 526 2947 Jus
550 2856 714 2940 scriptum
739 2849 881 2934 requirit
902 2863 1040 2940 eorum,
1068 2860 1215 2926 quorum
1239 2841 1393 2920 interest,
1415 2845 1590 2913 consilium
1609 2845 1651 2916 81

467 2941 639 3011 assensum.
680 2935 735 3003 An
764 2951 835 2998 non
860 2931 1073 2996 intervenit?
1095 2925 1165 2993 Sed
1187 2941 1289 2990 nemo
1312 2924 1441 2994 hiscere
1460 2929 1508 2997 est
1530 2929 1650 3010 ausus,

464 3026 575 3108 inquit
595 3019 717 3086 Matth.
757 3015 914 3097 Nempe,
935 3010 957 3075 fi
981 3009 1116 3075 vixisset
1138 3005 1236 3074 initio
1261 3007 1366 3074 seculi
1389 3009 1515 3077 decimi
1539 3012 1644 3090 sexti,

501 3108 534 3175 se
548 3105 710 3176 Clerum,
731 3097 967 3244 populumque
980 3091 1181 3188 cohibuisset
1195 3090 1237 3156 ab
1251 3089 1481 3174 iniquitate&
1496 3096 1620 3163 in'uria
1628 3141 1647 3175 ,.

421 3251 424 3258 .
521 3191 648 3272 Papam
669 3198 771 3250 acon
798 3193 964 3244 rmatione
980 3173 1162 3260 injustitiae.
1182 3173 1227 3238 Et
1241 3173 1316 3240 hec
1333 3175 1405 3270 ejus
1418 3115 1556 3258 queresa
1570 3179 1644 3264 pla·

464 3291 546 3341 cere
562 3269 677 3354 potuit
696 3261 898 3336 Heusltnio,
921 3258 979 3342 qoi
999 3275 1075 3324 eam
1089 3257 1236 3324 fideliter
1251 3255 1425 3340 descripsit
1440 3260 1474 3323 in
1490 3260 1564 3328 Bat.
1576 3261 1642 3330 sac.

464 3369 555 3440 part.
580 3370 610 3418 1.
639 3349 792 3431 101144.
815 3344 886 3409 col.
905 3360 936 3409 n.
956 3341 1015 3407 ubi
1037 3341 1071 3407 A
1093 3339 1262 3406 llatthaeo
1286 3338 1344 3424 pie
1365 3341 1522 3408 credidit.
1562 3343 1648 3428 Ejus

466 3435 626 3523 glossator
643 3432 752 3498 Henr.
764 3443 831 3492 van
846 3425 924 3508 Ryn
939 3437 1025 3491 tom.
1048 3443 1076 3491 1.
1088 3441 1128 3507 p.
1143 3427 1218 3506 336.
1238 3438 1273 3488 n.
1292 3439 1342 3490 11.
1363 3423 1562 3510 episcopum
1583 3445 1650 3494 eit·v

465 3522 601 3591 culatis,
622 3513 725 3582 dubia
742 3507 901 3592 quaedam
914 3510 1079 3592 proponit
1097 3523 1173 3596 quae
1188 3505 1306 3572 excuti
1323 3523 1602 3575 enumerentur.

506 3597 707 3671 Hortensius
736 3591 796 3658 lib.
822 3609 854 3676 7.
872 3589 966 3686 ‘Rem
992 3589 1118 3686 Ultraj.
1146 3606 1223 3673 pag.
1254 3607 1263 3652 1
1293 3609 1323 3658 a.
1350 3589 1384 3654 in
1414 3592 1481 3658 sine
1507 3592 1649 3660 scribite

465 3728 490 3766 ,‚
505 3684 714 3770 Episcopum
728 3677 912 3744 dementiae
927 3671 993 3768 suae
1009 3671 1202 3754 poenituisse
1214 3607 1342 3756 possea,
1355 3689 1453 3740 certa
1463 3693 1499 3741 ar
1526 3693 1645 3741 omen·

463 3813 490 3848 „
506 3783 541 3836 ta
563 3765 685 3834 habeo.
728 3755 910 3825 Dorellato
932 3752 1148 3833 discessurus,
1169 3771 1249 3820 cum
1266 3756 1300 3819 iri
1326 3753 1488 3838 superam
1533 3776 1649 3824 erma-

464 3891 491 3930 „
506 3849 673 3917 niamiter
690 3842 822 3908 rursum
831 3839 1032 3914 adornaret,
1054 3837 1171 3920 saepea
1197 3835 1243 3901 ud
1260 3837 1487 3905 familiares-in
1503 3839 1643 3925 lachry-

326 3955 327 3960 ’
463 3973 493 4012 „
506 3951 577 4000 mas
602 3927 741 4001 effusus,
763 3937 972 4007 paucorum,
991 3938 1079 4002 quos
1100 3855 1267 3986 fldilssmos
1291 3919 1350 3986 sibi
1372 3922 1582 3999 crediderat,
1603 3921 1641 3991 &

463 4057 490 4094 „
505 4014 644 4082 consilio
660 4009 697 4078 δι
710 3999 1046 4098 verborumdiserto
1071 4002 1246 4069 lenocinio
1273 4001 1306 4068 se
1326 4003 1525 4088 episcopatu
1546 4007 1645 4072 exci-

460 4139 489 4179 ,,
504 4097 601 4170 disse,
630 4091 856 4184 querebatur:
879 4085 1159 4180 dirasin‘eorom
1176 4087 1289 4168 capita
1308 4103 1495 4172 execrans,
1518 4103 1556 4154 ot
1582 4088 1642 4172 ipsi

465 4223 495 4262 η
508 4177 689 4263 aliquando
705 4170 856 4258 perfidiae
874 4167 940 4248 suae
956 4169 1097 4234 ultrices
1117 4168 1221 4234 furias
1239 4169 1444 4237 invenirent.
1467 4170 1649 4238 Intellexit·

462 4307 489 4343 ,‚
506 4282 600 4336 tum,
622 4261 763 4326 demum
783 4253 843 4319 hos
860 4251 918 4316 sibi
935 4249 1200 4332 &episcopatui
1218 4249 1338 4316 fatales
1356 4253 1567 4320 consultores
1585 4254 1645 4320 da·

463 4363 564 4432 „tos
580 4341 688 4414 tuille
703 4349 733 4390 ‘⁸
771 4337 832 4408 lta
847 4336 917 4407 ille
959 4332 1043 4406 Noti
1070 4333 1204 4422 denego
1234 4335 1332 4404 Mem
1347 4333 1553 4412 Hortensio,
1585 4334 1649 4402 sed

1521 4435 1655 4488 uectum
