4646 5798
685 656 785 770 nm
862 647 1343 744 uncauru
1414 655 1752 758 maara

700 842 903 938 praebuerit.
929 839 1109 916 Drakenb.
1125 843 1258 917 Matth.
1275 845 1320 920 de
1338 843 1461 921 Nobil.
1478 872 1516 946 p.
1536 855 1619 942 648.
1644 853 1762 933 Valet.
1782 861 1889 940 Andr.

703 941 871 1012 Biblioth.
889 937 987 1032 sselg.
1004 963 1040 1034 p.
1065 945 1144 1012 161.
1170 938 1293 1012 Paucis
1307 943 1386 1034 post
1403 965 1581 1040 acceptam
1597 951 1800 1047 dignitatem
1821 959 1892 1033 die-

701 1036 790 1121 bus,
815 1057 895 1108 curn
916 1037 1006 1108 inter
1024 1031 1177 1108 Ordines
1195 1033 1391 1112 Provinciae
1404 1038 1639 1138 UrnaJettinae
1659 1051 1711 1120 uti
1726 1050 1891 1130 Decanns

598 1139 601 1146 ‘
703 1149 941 1224 compareret,
974 1127 1193 1224 Religionem
1220 1153 1373 1206 ruentem
1397 1133 1520 1211 fulcire
1548 1159 1628 1212 cum
1655 1141 1725 1219 suis
1745 1151 1893 1226 annixus

703 1225 775 1305 est3
801 1221 1015 1308 sedsrustra,
1043 1227 1079 1300 δι
1094 1227 1150 1302 die
1172 1229 1228 1298 26.
1246 1227 1402 1319 Januarii
1419 1253 1475 1304 an.
1497 1253 1600 1326 1579.
1626 1237 1759 1315 Unioni
1776 1241 1895 1318 Uitra-

699 1319 874 1488 {aaa
896 1319 1028 1488 {attat
1047 1323 1661 1522 ‘bibiatisXXXX}
1683 1335 1895 1527 satiata

704 1511 836 1584 Matth.
868 1515 969 1583 aund.
993 1515 1028 1585 dr
1046 1512 1134 1586 Fata
1152 1533 1188 1607 p.
1212 1534 1289 1605 144,
1328 1512 1496 1592 Occurrit
1518 1523 1562 1594 ad
1588 1547 1643 1597 an.
1670 1534 1773 1614 1581.
1798 1535 1895 1626 apud

704 1601 869 1697 Heussen.
890 1605 980 1680 Hist.
998 1606 1117 1702 Epist.
1138 1605 1263 1706 Ultraj.
1289 1632 1326 1705 p.
1355 1617 1435 1705 536.
1464 1617 1532 1688 col.
1556 1638 1587 1689 2.
1612 1619 1737 1696 Mense
1760 1623 1894 1702 Mattio

707 1707 810 1792 1582.
827 1702 919 1796 ipse,
945 1701 983 1774 dt
999 1725 1079 1777 cum
1101 1725 1145 1777 eo
1164 1703 1383 1781 ecclefiastici
1402 1733 1521 1784 omnes
1536 1715 1579 1785 ab
1596 1715 1790 1794 Ordinibus
1808 1727 1894 1800 moti

704 1795 796 1871 sunt:
825 1821 897 1894 quo
920 1817 1078 1892 tempore
1099 1821 1179 1873 cum
1203 1823 1366 1896 ageretur
1385 1802 1429 1876 de
1449 1806 1592 1882 ecclesia
1610 1809 1652 1884 B.
1672 1813 1795 1887 Mariae
1817 1814 1896 1893 sun·

706 1892 800 1965 dirus
826 1896 1012 1982 diruenda,
1045 1894 1211 1990 opposuit
1233 1894 1268 1968 se
1288 1895 1498 1984 minantum
1529 1903 1587 1976 cui
1610 1906 1758 1984 debetur
1780 1934 1895 1990 toturn

703 1989 762 2069 id,
789 1989 826 2064 &
844 1989 994 2083 ejusdem
1012 1987 1207 2079 industriae,
1220 1993 1316 2086 quod
1336 1993 1519 2069 incolumis
1533 1999 1650 2074 adhuc
1665 2007 1759 2080 aedes
1777 2009 1894 2086 bodie.

705 2081 788 2158 Nec
806 2083 968 2180 impensis
983 2087 1161 2182 pepercit,
1186 2109 1251 2162 nec
1277 2085 1411 2178 studio,
1435 2109 1501 2166 nec
1519 2117 1660 2191 operae,
1684 2122 1725 2176 ut
1742 2103 1897 2181 servaret

704 2181 813 2254 ruinae
844 2183 1063 2275 proximam,
1101 2179 1306 2257 denudatam
1333 2185 1470 2260 interim
1492 2192 1588 2264 omni
1614 2196 1788 2289 plumbo,
1825 2223 1895 2296 quo

704 2295 828 2368 operta
850 2275 983 2365 suerat,
1008 2277 1046 2352 &
1071 2277 1135 2350 nifi
1159 2277 1230 2372 ipse
1253 2277 1483 2369 subvenisset,
1515 2287 1668 2384 alioquin
1691 2295 1893 2389 perituram.

703 2369 783 2444 Viri
808 2376 922 2446 zelum
947 2374 984 2448 δι
1009 2373 1145 2446 labores
1171 2373 1343 2468 cognosce
1364 2379 1400 2450 in
1424 2379 1544 2455 libello
1572 2385 1663 2478 ejus:
1698 2391 1790 2462 AEiir
1812 2393 1893 2466 diuo

708 2469 830 2540 Murice
853 2470 984 2564 virginit
1005 2471 1038 2539 in
1065 2472 1193 2542 ciuitate
1224 2469 1442 2565 Utrrrjettnst
1466 2477 1652 2553 admiranda
1673 2490 1768 2580 urigo.
1819 2487 1895 2565 Hic

705 2567 776 2660 jam
793 2563 969 2636 rariffimus
992 2564 1062 2650 est,
1088 2587 1192 2638 unum
1213 2587 1326 2638 tamen
1341 2573 1519 2666 exemplar
1535 2591 1650 2649 teneo.
1682 2579 1751 2653 Sed
1767 2582 1896 2661 dehac

707 2682 745 2732 re
762 2661 809 2730 ita
829 2658 956 2733 scribit.
973 2659 1106 2734 Matth.
1122 2660 1196 2754 ipse
1216 2659 1328 2736 Fund.
1347 2661 1384 2736 ἃ
1399 2663 1485 2739 Fata
1501 2690 1536 2763 p.
1555 2690 1634 2766 143.
1660 2717 1681 2752 r,
1708 2671 1896 2774 Postquam

707 2795 730 2832 n
749 2777 869 2828 ‘autem
894 2757 1085 2842 denudata,
1109 2753 1190 2829 citur
1208 2758 1281 2830 vim
1298 2761 1510 2854 tempestatis
1533 2765 1674 2845 sentiret
1692 2772 1729 2846 δι
1742 2777 1894 2869 pluviae,

708 2892 731 2930 n
758 2854 795 2925 dt
824 2853 969 2926 multum
994 2851 1107 2926 indies
1132 2852 1330 2936 detrimenti
1348 2879 1368 2930 a
1385 2861 1548 2951 procellis
1566 2864 1762 2961 acciperet,
1786 2875 1895 2946 muita

709 2989 732 3024 η
757 2947 899 3020 tandem
926 2946 1138 3023 instantia&
1157 2950 1251 3043 apud
1275 2952 1506 3046 magistratum
1526 2960 1675 3055 &apud
1699 2960 1894 3063 Principem

574 3107 589 3136 ‚
709 3083 731 3120 η
757 3043 945 3116 Aurincunr
960 3067 1039 3117 curn
1059 3041 1293 3138 impetrassent
1310 3050 1493 3134 canonici,
1516 3077 1577 3140 ne,
1602 3079 1643 3130 ut
1665 3059 1800 3153 pridem
1823 3065 1894 3159 J'am

651 3221 654 3228 ,
708 3175 730 3213 n
757 3138 953 3224 decretum,
979 3139 1051 3214 solo
1068 3141 1181 3213 diruta
1197 3161 1390 3237 aequaretur
1401 3196 1411 3230 ,
1424 3166 1506 3219 mox
1522 3152 1625 3244 etiam
1643 3155 1896 3251 impetrarunt,

709 3275 732 3310 ι,
759 3253 797 3306 ut
818 3234 938 3307 liceret
955 3237 1086 3310 rursum
1107 3237 1241 3330 operire
1258 3259 1332 3309 earn
1354 3237 1518 3318 adversus
1533 3247 1609 3318 caeli
1633 3249 1803 3345 injuriam,
1852 3257 1896 3330 Id

709 3371 732 3406 n
758 3331 853 3425 quod
876 3352 953 3403 cunt
976 3329 1125 3427 caepiss‘et
1151 3354 1222 3405 non
1245 3329 1316 3406 fine
1339 3338 1650 3437 magnisirupensrt
1661 3345 1778 3422 mense
1795 3349 1899 3446 Junio

709 3467 732 3506 η
757 3427 965 3520 incipiente,
997 3429 1193 3592 impletum·
1208 3429 1245 3504 δι
1267 3426 1461 3506 absolutum
1487 3436 1539 3510 est
1558 3436 1715 3536 sequenti
1745 3467 1836 3522 anno
1859 3451 1899 3524 in

709 3565 733 3599 υ
759 3521 826 3592 fine
852 3521 1011 3610 Pascha,
1050 3525 1197 3619 ungularr
1220 3523 1405 3614 industria,
1430 3531 1617 3608 adhibente
1641 3539 1677 3609 in
1698 3541 1734 3624 id
1753 3547 1899 3618 multum

710 3660 734 3696 ‚,
758 3639 875 3712 operae
902 3621 1022 3691 eodem
1046 3621 1115 3692 Van
1137 3620 1192 3691 der
1216 3621 1341 3705 Burcb,
1367 3623 1519 3719 ejusdem
1537 3629 1620 3702 aedis
1640 3631 1798 3706 Decano.
1849 3637 1899 3713 Et

711 3753 734 3790 ,‚
760 3711 923 3785 hardierus
950 3713 1088 3806 quidem
1108 3717 1273 3788 Lomdrrro
1299 3740 1351 3787 res
1378 3741 1422 3792 ex
1447 3739 1534 3796 voto
1558 3723 1709 3800 successrt
1731 3728 1790 3805 sed
1808 3739 1898 3806 male

713 3849 736 3886 t,
761 3807 797 3880 id
823 3806 934 3901 ipsum
958 3810 1039 3881 dein
1066 3807 1203 3896 habuit,
1230 3811 1318 3884 male
1344 3815 1380 3885 id
1407 3839 1528 3890 omnes
1555 3815 1776 3915 Pontificius,
1800 3829 1906 3922 quodw

713 3947 736 3980 ,,
762 3904 932 3996 templum
957 3902 1060 4000 ipsrua
1091 3928 1199 4000 opera
1226 3906 1397 3981 servatum
1425 3909 1471 3984 stc
1498 3911 1534 3984 &
1558 3913 1748 3992 restitutum
1779 3928 1900 4018 purior.

712 4042 734 4077 r,
761 4021 841 4072 mox
858 4001 980 4092 religio
997 4021 1206 4095 occupatum
1223 4002 1389 4090 detinuit,
1415 4003 1627 4086 {reformans
1648 4016 1691 4086 ad
1711 4023 1899 4096 conciones

713 4139 735 4172 η
761 4095 798 4168 &
816 4097 882 4167 ulia
899 4100 956 4188 pia
972 4099 1136 4170 exercitia
1158 4121 1177 4168 a
1195 4121 1248 4183 rna
1275 4095 1391 4172 istratu
1405 4103 1609 4178 concessum.
1643 4103 1759 4186 Prima
1775 4119 1900 4193 concio

712 4235 735 4268 ,,
761 4193 810 4263 ibi
828 4189 943 4263 habita
960 4191 1106 4264 Veneris
1121 4191 1229 4264 XXX.
1246 4122 1325 4284 furii
1342 4218 1423 4302 ann,
1443 4205 1544 4290 1585.
1579 4199 1732 4290 Quodn
1750 4210 1901 4304 praescis-

712 4329 734 4363 η
753 4285 829 4370 set,
863 4307 922 4360 aut
948 4285 1104 4359 futurum
1128 4289 1316 4382 aliquando
1340 4295 1374 4364 rd
1404 4293 1583 4392 divinasset
1605 4303 1811 4394 rambertus,
1836 4329 1901 4394 nec

711 4382 917 4469 elabores,
943 4405 1008 4457 nec
1023 4379 1200 4479 sumptus,
1225 4405 1312 4479 quos
1333 4386 1368 4459 in
1386 4393 1553 4483 ternplum
1576 4392 1614 4466 id
1627 4394 1825 4492 insumpsit,
1852 4403 1912 4486 ἱιι-,Ι

815 4486 817 4496 ’
1274 4491 1279 4499 ’
1430 4497 1432 4502 ’
1478 4491 1482 4498 “
1582 4501 1591 4510 ”
1665 4531 1697 4594 ·¹.’
1721 4491 1907 4590 sumpsrffe't
