4646 5798
643 609 1709 749 aecATALoGUs

701 811 780 892 ΧΠ.
804 809 1046 888 Henmcus
1069 829 1161 883 van
1184 827 1275 882 an
1297 807 1584 884 Woernaee.
1609 813 1716 886 Anno
1736 831 1841 909 ¹²29?-

649 934 757 1008 1302.
780 904 1598 1006 [CensenetMatthaeas,mstqttadpriartenennen
1610 909 1845 1007 antenorea}

635 1025 637 1032 ’
700 1008 797 1084 Xlll.
823 1003 1026 1100 loannes
1050 1005 1087 1075 da
1110 999 1315 1075 xmae.
1343 1019 1446 1093 1305.
1472 997 1604 1096 [Nihil
1621 1006 1714 1077 addit
1732 1015 1842 1080 artior

652 1106 763 1200 nider.
790 1109 846 1178 An
868 1101 1001 1194 neglexit
1016 1123 1054 1170 ea
1079 1121 1148 1191 qaae
1172 1097 1356 1172 Mattheus
1371 1097 1538 1172 addunt?
1571 1107 1628 1172 An
1649 1125 1727 1172 vara
1750 1126 1842 1175 rever

654 1206 809 1291 eandam,
834 1191 1027 1292 qaedsapre
1039 1194 1129 1279 dixi,
1153 1191 1313 1266 Mattbaei
1330 1197 1521 1290 catalogum
1541 1219 1565 1268 a
1571 1198 1608 1284 se
1624 1192 1754 1289 visum?
1769 1198 1843 1271 Au·

655 1300 694 1372 eti
717 1294 946 1370 Matthaeum:
973 1329 996 1366 a
1023 1287 1140 1384 Hujus
1156 1285 1288 1360 charta
1304 1289 1420 1363 adhuc
1437 1288 1546 1364 exstat
1562 1311 1642 1364 ann.
1663 1297 1766 1382 1306.
1781 1293 1843 1367 ubi

655 1435 680 1472 a
704 1393 754 1466 ita
770 1395 806 1464 in
822 1387 884 1462 fin.
909 1388 993 1459 Hier
1022 1409 1098 1458 ever
1124 1405 1231 1456 waren
1254 1383 1435 1481 lescheyden
1459 1389 1553 1472 lude,
1577 1391 1628 1460 die
1653 1387 1748 1458 Prior
1771 1415 1843 1466 van

655 1538 685 1583 ,‚
707 1489 798 1563 State
821 1485 1000 1568 Paret-tls,
1033 1477 1120 1553 Heer
1147 1479 1268 1552 Henrie
1292 1476 1360 1574 ense
1389 1484 1580 1575 capellata,
1613 1483 1755 1555 mannike
1775 1509 1845 1560 van

656 1605 681 1663 a
706 1583 794 1677 eaden
817 1573 997 1669 Gadibuse,
1023 1579 1111 1648 Heer
1143 1577 1231 1648 Dirc
1253 1573 1339 1668 Papi
1362 1599 1431 1646 van
1453 1579 1713 1664 Retterdarnnr,
1736 1579 1844 1653 Adam

656 1721 681 1758 a
706 1705 773 1754 van
793 1673 942 1768 habers?
961 1671 1108 1756 nella,
1130 1667 1197 1756 onfie
1213 1696 1287 1743 enan
1300 1671 1370 1744 διο.
1386 1670 1558 1744 Exscribo
1573 1673 1681 1746 verba
1699 1674 1775 1748 haec
1792 1676 1845 1748 id·

657 1817 684 1854 „
707 1767 1199 1864 circo‚quiaalius.invenitur
1213 1767 1367 1839 Adamas
1379 1787 1448 1840 van
1461 1764 1633 1842 Lochorst
1647 1791 1725 1844 ann.
1741 1791 1847 1864 1047.

658 1913 682 1952 ‚,
707 1869 909 1942 Advocatus
943 1863 1176 1948 Monasterii,
1208 1858 1410 1953 Befrbermer
1434 1887 1503 1936 van
1531 1863 1622 1936 Sinte
1649 1865 1771 1951 Panis,
1804 1887 1845 1942 ut

657 2007 683 2046 u
708 1966 840 2040 Charta
860 1957 909 2035 est
927 1959 999 2054 ejus
1018 1959 1122 2044 anni,
1148 1958 1283 2050 &quia
1310 1954 1486 2031 Henricus
1506 1955 1566 2029 hic
1591 1960 1799 2054 capellanus
1814 1967 1848 2037 is

655 2103 681 2152 t,
706 2057 756 2134 est
774 2057 1007 2140 hauddubie,
1032 2055 1096 2149 qui
1123 2050 1253 2144 Joanni
1277 2051 1438 2125 succeffit.
1465 2057 1490 2098 ‘⁶
1513 2054 1606 2148 lstnel
1624 2075 1747 2128 naun
1771 2078 1844 2130 nu·

657 2175 735 2230 m
756 2159 924 2252 maiatum
944 2157 1093 2244 aportuit.
1144 2153 1212 2244 Ego
1235 2151 1356 2242 quidem
1372 2153 1408 2222 id
1427 2175 1486 2222 nen
1511 2151 1623 2236 videa,
1648 2168 1686 2225 ret
1710 2157 1759 2226 itn
1771 2176 1846 2246 pra·

657 2257 797 2328 nuntiem
814 2277 853 2322 ete
870 2251 920 2321 hit
935 2249 1052 2321 verbis.
1103 2245 1236 2320 Videtur
1252 2264 1360 2318 autem
1377 2249 1538 2320 dicendam
1554 2273 1592 2319 ex
1612 2249 1751 2342 Regilira
1763 2247 1843 2342 fea.

656 2354 768 2424 dorum
791 2347 938 2420 Aelana
959 2346 995 2419 S.
1023 2344 1144 2427 Pauli,
1168 2349 1204 2414 in
1231 2346 1313 2414 netis
1333 2342 1379 2414 ad
1401 2351 1559 2415 auderem
1581 2347 1733 2416 incertum
1761 2349 1849 2417 Rer.

658 2443 988 2534 Antersfertens.pag.
1009 2457 1086 2528 199·
1106 2439 1148 2519 ld
1168 2439 1394 2531 eoonliſsc:
1410 2435 1512 2510 Ende
1529 2439 1594 2512 alle
1613 2437 1691 2512 dese
1706 2441 1849 2514 voorsze

525 2551 528 2561 '
659 2540 835 2636 goederen
853 2555 923 2609 met
946 2537 1041 2607 allen
1060 2534 1121 2605 dat
1146 2533 1229 2606 daer
1257 2533 1467 2607 toebehoort
1493 2531 1592 2608 heeft
1614 2533 1712 2610 Heer
1735 2541 1846 2611 Adam

658 2659 728 2710 van
744 2633 892 2727 Lacharst
908 2627 1062 2712 Ridder,
1087 2625 1176 2701 ende
1190 2626 1291 2700 Heer
1306 2625 1430 2701 Gerrit
1451 2625 1514 2720 syn
1539 2628 1624 2703 soon
1656 2649 1725 2704 met
1752 2631 1846 2728 gesa·

658 2729 889 2806 menderhant
906 2725 1095 2820 outfangen
1111 2747 1180 2797 van
1194 2723 1302 2798 'Heer
1319 2727 1392 2817 Jan
1414 2724 1459 2797 de
1484 2725 1577 2798 Klein
1600 2725 1682 2799 Abt.
1711 2747 1765 2799 tot
1790 2727 1852 2801 St„

657 2826 784 2914 Paula,
809 2826 891 2897 daer
916 2819 1003 2895 God
1023 2821 1066 2894 de
1093 2817 1152 2892 fiel
1177 2816 1220 2890 of
1239 2819 1376 2893 hebben
1405 2841 1520 2903 moet,
1553 2824 1642 2895 ende
1665 2845 1733 2896 van
1757 2828 1847 2899 Hen-

658 2925 729 2998 rick
745 2945 812 2995 van
828 2921 965 3012 Ryrkele
980 2918 1036 2990 die
1059 2913 1152 2988 noch
1183 2916 1301 2999 levet,
1327 2917 1362 2986 in
1396 2917 1462 2988 alle
1490 2917 1547 2988 die
1576 2919 1740 3005 rechten,
1764 2921 1846 2994 daer

657 3015 756 3094 Heer
775 3018 892 3183 sillan?>
893 3010 1068 3204 1ende]syn
1089 3009 1257 3086 Ouderen
1276 3033 1347 3086 van
1359 3009 1429 3084 den
1445 3009 1663 3110 Godshuyse·
1673 3017 1758 3089 haer
1773 3036 1848 3092 toe-

687 3115 808 3204 ebragt
849 3135 867 3184 e
919 3133 976 3182 en.

660 3137 685 3210 g
710 3206 808 3281 XIV.
834 3205 1083 3278 Hennecus
1108 3221 1194 3276 tenu
1217 3197 1452 3276 Rncxnee.
1487 3225 1567 3277 ann.
1602 3223 1708 3296 1312.
1745 3217 1849 3301 ¹3¹⁶*

664 3301 848 3402 [Consonat
864 3301 1047 3376 Mattheus
1063 3299 1112 3370 his
1130 3286 1258 3372 verbis:
1284 3339 1306 3374 a
1332 3296 1514 3374 Henricus
1533 3325 1601 3375 van
1627 3298 1786 3398 Ryckele
1808 3306 1847 3378 in

661 3443 685 3481 „
711 3399 851 3472 Chattis
866 3421 919 3469 an.
939 3416 1041 3488 13¹²·
1067 3419 1079 3465 ι
1087 3397 1167 3484 31⁶·
1187 3393 1256 3466 Cui
1273 3395 1359 3467 alius
1375 3393 1528 3488 ejusdem
1552 3397 1725 3493 nominis]

564 3509 568 3514 ·
709 3489 1235 3568 xv.t1aaa1cussucceffit
1265 3513 1343 3562 ann.
1374 3511 1477 3582 1321.
1511 3495 1555 3567 de
1587 3515 1657 3588 quo
1682 3497 1730 3568 ita
1756 3495 1846 3569 Wil-

660 3593 795 3667 helmus
822 3587 1052 3662 Procurator:
1085 3587 1178 3658 Anno
1207 3605 1309 3676 1321..
1345 3587 1544 3663 Venerabilis
1568 3583 1666 3683 pater¹
1686 3594 1879 3666 Dominus-

660 3689 820 3764 fflnricns
846 3687 957 3756 Albas
974 3682 1100 3754 cenobii
1127 3683 1239 3755 Sanlri
1271 3684 1370 3754 Pauli
1394 3680 1615 3780 Trajeilrnsts‚
1647 3692 1766 3760 malens
1780 3693 1848 3780 fibi

660 3785 787 3857 utiliter
801 3781 970 3874 proficere,
995 3799 1088 3872 qnam
1114 3780 1272 3849 inutiliter
1296 3781 1441 3871 praesta,
1467 3781 1509 3862 &
1534 3784 1693 3854 intendere
1715 3802 1851 3856 centem·

657 3880 817 3974 plutiani,
842 3899 937 3970 qaam
953 3875 1116 3945 cotidianis
1138 3867 1304 3963 caesaram
1339 3877 1442 3944 tediis
1466 3873 1628 3973 infestari,
1660 3881 1846 3972 dignitatern

660 3973 841 4068 nefigrendo
847 4020 859 4054 ‚
862 3975 997 4064 simplex
1012 3969 1178 4040 nonachus
1187 3967 1333 4060 efficitur.
1345 3970 1447 4064 Cujus
1457 3975 1519 4044 laea
1530 3979 1585 4046 vir
1592 3973 1854 4066 piifflmnsttiant

660 4067 837 4150 Henricus
855 4072 974 4139 nomine
990 4067 1207 4159 confirmatur.
1221 4061 1322 4157 [Haec
1337 4067 1435 4136 verba
1456 4067 1549 4140 habes
1562 4073 1708 4141 Aeeten.
1726 4086 1802 4142 taen.
1813 4091 1847 4142 2.

655 4185 689 4260 p.
711 4167 788 4250 585.
805 4185 895 4234 naen
910 4165 985 4233 edit.
1003 4163 1038 4230 in
1050 4181 1084 4247 4„
1112 4161 1159 4229 Et
1175 4165 1281 4232 eadem
1293 4160 1402 4254 adfert
1419 4163 1601 4236 Mattheus
1612 4167 1646 4233 in
1663 4163 1854 4262 Catalage.]'

707 4259 804 4332 XVI.
830 4255 1093 4333 fleamus.
1117 4252 1183 4327 lste
1205 4253 1401 4348 subscripi-c
1428 4258 1591 4332 Cha-etam
1609 4255 1785 4333 Frederici
1804 4263 1850 4332 de

657 4353 941 4448 Blanckenheym
970 4357 1014 4422 26
1034 4348 1223 4424 Februarii.
1253 4347 1603 4446 1322.0biit,132⁶.
1634 4351 1753 4450 [Haic
1777 4357 1847 4430 nl-

657 4455 731 4528 lati.
747 4475 806 4524 nen
830 4451 918 4522 dedit
937 4447 1116 4534 distinctam
1133 4451 1231 4520 lacurn
1255 4447 1436 4522 Matthaei
1455 4453 1488 4522 in
1505 4456 1656 4544 Catalaga
1680 4450 1750 4542 sne.
1786 4451 1853 4538 Sed

656 4548 763 4628 vellis
800 4548 846 4620 el
867 4545 1119 4640 predeceffarene
1145 4569 1183 4619 ex
1211 4541 1318 4620 nate.
1348 4563 1552 4640 procuratore
1583 4551 1698 4624 altatis,
1713 4546 1857 4718 fhbgfff

961 4699 963 4708 .
1711 4683 1735 4723 n
1813 4661 1858 4720 nt
